2758 4990
75 371 78 378 ’
176 369 990 470 oaone1oouu1u.1v,ser-ss1
1034 345 1039 354 ’
1072 379 1145 460 err

22 563 202 657 Namque
217 578 302 632 uno
315 557 520 654 ingentem
534 557 637 634 tollit
652 557 703 634 de
718 560 865 660 cespite
881 559 1030 661 silvam,

22 668 175 738 Aureus
191 660 293 760 ipse,
320 660 447 736 sedin
469 659 593 758 foliis,
621 685 723 764 quae
737 661 909 763 plurima
927 667 1076 745 circum

22 763 282 858 Funduntur‚
309 761 436 840 violae
452 763 634 840 sublucet
649 791 823 868 purpura
838 768 992 867 nigrae;
1068 779 1146 856 275

22 871 150 967 Saepe
168 865 291 942 deum
304 868 413 942 nexis
427 881 587 944 ornatae
601 868 811 970 torquibus
825 896 931 959 arae;

22 976 148 1072 Asper
163 970 203 1044 in
221 994 292 1046 ore
308 993 443 1071 sapor,
470 972 593 1047 tonsis
609 973 649 1047 in
665 971 829 1048 vallibus
845 973 959 1050 illurn

22 1079 202 1150 Pastores
218 1087 258 1148 et
276 1099 391 1149 curva
404 1071 544 1172 legunt
557 1099 686 1178 prope
702 1073 868 1152 llurnina
884 1077 1041 1162 Mellea.
1069 1097 1074 1110 ’

22 1177 148 1252 Huius
163 1175 332 1252 odorato
346 1177 499 1254 radices
513 1179 686 1280 incoque
700 1178 872 1277 Bacche,

22 1279 248 1381 Pabulaque
265 1281 305 1356 in
319 1278 473 1356 soribus
487 1281 618 1384 plenis
634 1281 793 1384 adpone
807 1284 991 1365 canistris.
1068 1296 1145 1368 280

73 1381 156 1460 Sed
171 1384 200 1458 si
221 1408 343 1484 quem
355 1383 490 1486 proles
503 1385 635 1462 subito
654 1383 845 1463 defecerit
859 1388 1010 1485 omnis,

71 1528 157 1602 274.
184 1543 288 1616 nsa3
340 1530 426 1603 281.
455 1525 552 1622 San,

53 1729 108 1785 273
123 1729 248 1800 Namque
260 1731 313 1782 imo
326 1729 427 1800 aliquot
438 1730 567 1796 Pieriani,
584 1733 676 1784 Frons.
684 1741 711 1782 et
722 1732 764 1784 ed.
773 1733 801 1784 P.
816 1733 881 1786 Dan.
892 1731 970 1786 basil.
984 1733 1063 1798 etal,
1081 1733 1145 1788 item
1241 1722 1243 1728 ¹

22 1800 102 1852 Goth.
116 1817 156 1866 pr.
170 1800 224 1850 Erl.
240 1815 303 1849 unas
318 1801 404 1853 Mead.
423 1809 451 1852 et
468 1801 528 1854 edd.
548 1811 621 1866 vett,
646 1801 724 1852 etiam
737 1803 844 1870 Equam
870 1813 898 1854 et
918 1803 1042 1872 probarit
1054 1803 1145 1856 Heius.

22 1869 52 1921 ad
68 1868 143 1921 Ouid.
157 1869 206 1936 Ep.
219 1867 284 1933 XX,
301 1866 334 1922 41
351 1879 378 1921 et
392 1869 533 1936 (latroeus,
551 1879 660 1922 notante
674 1871 752 1922 etiam
766 1873 927 1934 Burmann03
946 1871 1021 1924 fluxit
1035 1890 1067 1925 ex
1080 1892 1146 1944 per-

22 1949 101 2007 petua
120 1939 255 1988 varietate.
290 1937 376 1990 Maior
396 1939 523 1992 librorma
543 1939 684 1992 auctoritas
708 1957 758 2010 pro
781 1959 850 2003 uno,
876 1941 956 1993 etiarn
975 1942 1014 1994 sie
1030 1942 1093 1994 inde
1111 1943 1145 1995 ab

22 2007 98 2060 atdd.
121 2007 227 2060 editum.
263 2005 298 2058 de
317 2010 419 2060 vertice
437 2019 501 2061 vett.
523 2010 595 2079 apud
616 2008 739 2062 Pieriam.
813 2011 866 2065 275
883 2012 1049 2064 Fundeutur
1069 2011 1145 2065 Leid.

22 2079 151 2129 Eduntur
163 2075 321 2140 salictam..
345 2095 407 2130 mox
425 2075 568 2132 sublucent
581 2095 623 2148 qn.
642 2079 738 2132 Mouet.
755 2079 837 2131 Goth.
851 2097 893 2148 pr.
928 2079 1076 2132 succumbit
1092 2085 1146 2134 Zu-

22 2147 125 2198 liclaem.
197 2148 250 2200 276
274 2147 355 2200 Forte
380 2148 445 2199 ltine
461 2149 540 2200 nexis
558 2149 697 2200 Burmann.
731 2150 779 2202 Est
805 2167 868 2202 sane
887 2149 1144 2219 subintelligendum.

22 2216 71 2338 'qu
90 2215 158 2266 h'anc
177 2231 281 2284 qnoque
301 2233 404 2268 versum
422 2217 557 2286 pertinere
579 2219 707 2282 arbitror,
739 2235 806 2288 quus
835 2219 929 2288 scripsi
951 2219 985 2272 ad
1005 2237 1043 2272 vs.
1067 2221 1145 2286 203.;

39 2294 143 2336 umnant
156 2301 215 2335 eum
229 2285 301 2336 laba.
315 2295 343 2336 et
357 2285 504 2339 Wechert.
523 2287 557 2337 de
573 2289 664 2339 Versa.
685 2289 790 2356 aliquot
810 2289 1066 2369 iuiurlafuspectis
1084 2307 1144 2358 pag.
1232 2321 1236 2338 .

22 2356 78 2416 535
96 2353 140 2422 qni
154 2353 258 2422 quidem
270 2373 347 2424 quum
359 2354 452 2406 haeret
464 2355 542 2406 etiam
554 2353 582 2406 in
596 2373 653 2407 voc.
670 2368 715 2408 tor
734 2373 790 2418 uss,
804 2384 838 2394 —
858 2367 928 2408 necta
942 2374 1010 2408 ennn
1024 2375 1145 2424 coronas,

22 2442 72 2476 non
85 2422 201 2492 torqueri
214 2452 248 2464 —
264 2423 358 2474 nihile
378 2423 464 2475 uidem
479 2423 598 2487 invenio,
616 2425 688 2492 quod
703 2441 719 2475 o
740 2424 835 2485 endat;
859 2441 914 2474 non
928 2434 969 2475 est
981 2426 1049 2476 enim
1063 2427 1145 2478 intel-

22 2493 126 2560 ligendu
147 2510 261 2556 corona,
285 2493 303 2544 i.
324 2511 347 2543 e.
360 2442 440 2544 dores
460 2492 488 2544 in
508 2493 599 2544 orbem
612 2493 698 2556 nexi„
715 2493 762 2544 sed
778 2501 848 2544 serta
865 2502 987 2544 tortuoso
1005 2493 1073 2546 llexu
1087 2513 1145 2548 arus

23 2561 159 2630 :ingentia
180 2562 256 2630 Wnl
323 2563 376 2616 278
393 2563 509 2614 incurvo
523 2561 644 2630 (Poggin.
667 2579 704 2613 sn
725 2561 822 2625 curva]
840 2561 937 2612 Medic.
959 2580 975 2613 a
994 2580 1028 2613 m.
1051 2581 1101 2632 pr.,
1118 2573 1146 2617 et

23 2634 116 2704 probat
132 2631 219 2682 Ileins.
254 2647 305 2702 per
311 2632 433 2702 flunsiuu
447 2631 592 2694 Romanus,
617 2629 688 2701 qaod
701 2629 840 2680 admodum
854 2629 976 2697 placebat
989 2633 1145 2685 Barmanno.

23 2701 144 2756 darsellus
155 2699 251 2751 Medic.
266 2719 281 2752 a
295 2719 329 2752 m.
341 2719 394 2752 sec.
411 2717 474 2750 unus
490 2699 613 2752 Arundel.
628 2709 655 2751 et
669 2698 826 2766 cantabrig,
843 2698 920 2749 male.
989 2702 1042 2754 280
1060 2721 1146 2772 expo-

23 2791 56 2822 re
70 2773 185 2830 Itomae..
203 2769 264 2838 qnia
277 2770 305 2826 in
317 2769 427 2821 loribus.
504 2771 555 2824 281
574 2770 631 2822 Sed
646 2771 672 2821 si
690 2768 797 2838 quidem
810 2767 905 2819 Medic.
920 2765 988 2820 Pier.
1003 2779 1031 2820 et
1042 2768 1144 2840 aliquot

23 2841 66 2894 dii
79 2839 148 2909 apud
161 2837 274 2892 Pieriam
287 2849 314 2892 et
328 2839 426 2904 Heins,
438 2838 540 2892 Ilodlei.
561 2855 626 2892 unas
638 2836 760 2892 nudet.
774 2846 801 2890 et
814 2847 878 2890 vett.
895 2836 955 2890 edd.

24 3015 185 3091 tlartinns,
220 3023 258 3074 ut
286 3035 386 3092 cespes
406 3014 446 3074 sit
470 3013 561 3076 radix
602 3011 713 3074 vicinia
731 3013 793 3092 agri
813 3013 970 3076 Mantuani
993 3033 1144 3074 memora-

24 3101 180 3181 :espitosa‚
209 3119 262 3159 seu
277 3099 367 3159 radix
385 3099 560 3160 librisinter
602 3109 669 3158 tum
683 3097 775 3158 vides.
798 3099 861 3158 vid.
878 3099 1014 3180 Capreoli
1029 3099 1067 3159 de
1081 3101 1144 3162 reb.

24 3209 50 3247 te
73 3188 107 3246 in
132 3185 250 3265 cespitis
276 3185 399 3246 modum
420 3185 559 3266 implexa.
602 3185 684 3244 Brix.
697 3183 1009 3264 p.9Tonr.nlt.Thes.
1022 3187 1144 3266 Scriptt.

25 3271 179 3340 171175.
201 3265 377 3346 llorellavo,
394 3271 560 3351 loliispur-
601 3269 666 3330 Ital.
715 3273 788 3334 279.
833 3271 955 3330 odorato
996 3273 1141 3346 Baccho,

25 3357 121 3418 iureis
143 3357 276 3416 violaceo
299 3357 407 3415 colore.
439 3353 560 3436 (aureus
602 3355 699 3436 simpl.
712 3347 895 3436 ἆνθοσμίαν,
909 3351 1049 3435 εὔοσμον,
1066 3351 1144 3420 erlui-

25 3452 110 3524 pse,
146 3441 208 3503 vid.
230 3443 268 3516 Q.
294 3441 330 3502 V.
352 3441 466 3518 XVIII,
483 3447 520 3517 2,
531 3463 561 3500 n.
604 3442 652 3520 lq,
672 3439 841 3500 utheocr.
852 3441 934 3515 XIV,
951 3445 1000 3516 16,
1015 3441 1145 3504 odorum

25 3526 115 3610 Wr.)
158 3531 230 3592 276.
258 3527 361 3588 Solent
381 3546 450 3588 arae
476 3527 563 3587 sertis
604 3527 725 3599 vinum,
749 3525 882 3604 adeoque
895 3543 1079 3605 generosum,
1094 3528 1145 3586 in-

26 3635 59 3676 ex
78 3613 139 3673 hoc
162 3613 271 3673 amello
293 3611 379 3672 nexis
399 3609 561 3694 (Festum)
604 3611 710 3690 telliga.
724 3611 838 3670 Colum.
851 3611 999 3686 1x‚13‚8
1025 3612 1145 3691 Optltas

26 3699 132 3761 arnari.
176 3703 248 3762 277.
270 3701 362 3758 tomis
378 3701 411 3756 in
423 3697 562 3774 vallibus,
605 3711 706 3756 aarum
717 3696 804 3775 faust
817 3699 912 3755 anelli
927 3697 1034 3771 rudis,
1058 3701 1144 3757 catu

26 3807 96 3867 quas
115 3783 245 3864 pecudes
263 3783 394 3844 tondent
416 3780 490 3864 (vid.
510 3785 562 3842 Ge.
605 3797 648 3841 est
679 3781 786 3860 frutex
820 3782 933 3856 11111111,
975 3801 1144 3860 purpureus

26 3875 48 3948 ',
75 3873 115 3936 15
137 3879 169 3928 et
192 3868 259 3952 at.);
292 3889 363 3928 nana
395 3879 563 3948 sequuntur
597 3869 681 3946 flos:
705 3889 742 3926 eu
757 3887 826 3925 euru
840 3879 932 3926 vetere
944 3871 1143 3927 ambreovr'no

27 3970 171 4030 rasione,
205 3955 256 4032 qui
282 3953 562 4034 interponendum
604 3953 724 4012 decocta
758 3953 948 4029 exprimatur,
988 3965 1017 4011 et
1036 3956 1080 4012 stu
1100 3955 1143 4012 lt·
1257 3997 1265 4022 ,

27 4043 148 4103 rerbam
168 4039 321 4118 colligunt.
350 4035 472 4120 (romu,
498 4063 562 4102 κει·
603 4039 902 4118 quatuseiussuecus
920 4038 1019 4097 datur.

27 4127 186 4208 sopiretur,
215 4125 278 4184 vid.
297 4125 336 4198 Q.
354 4123 390 4182 V.
410 4125 560 4202 XXVIIII,
645 4127 718 4187 281.
739 4122 909 4203 Ingreditur
931 4123 1144 4186 nobilissimum

27 4201 50 4280 l.
69 4210 159 4294 Wr.)
197 4213 270 4276 278.
285 4209 395 4269 Mella.
408 4211 563 4270 Brixia-
603 4208 704 4268 locum
719 4207 1032 4290 derepsrandastirpe
1045 4231 1143 4290 apum,

27 4302 140 4360 Flavus
170 4317 265 4378 quum
295 4295 382 4353 modi
398 4299 566 4372 praecurrit
606 4294 1143 4358 cummorboexaminstotainterie-

28 4386 151 4444 umam
186 4381 288 4440 Mella
325 4379 435 4439 Catuli
471 4381 565 4444 LXIII
605 4379 677 4440 rint
707 4380 849 4458 Sequitur
861 4389 960 4440 autem
974 4382 1143 4464 opinionem

28 4469 123 4554 267),
145 4469 197 4530 83.
238 4465 381 4526 Fluvium
407 4465 509 4547 itaque
527 4485 566 4527 ex
607 4463 759 4526 veteribus
781 4485 985 4544 communem,
1005 4485 1091 4548 posse
1105 4483 1145 4527 ex

74 4570 234 4646 Vmun.
261 4565 368 4642 Tou.
391 4565 421 4640 1.
885 4567 937 4638 41
