2652 5032
216 342 293 416 416
454 337 494 412 1³..
528 335 794 414 VIRGILII
826 336 1095 416 MARONIS

214 524 353 602 Felicis
368 523 478 620 mali3
505 549 587 626 quo
608 547 692 600 non
707 524 953 622 praesentius
971 523 1110 620 ullum,

214 627 361 705 Pocula
375 629 407 703 si
422 629 584 730 quando
599 651 737 704 saevae
749 623 924 704 infecere
940 651 1145 720 novercae,

213 733 562 834 *Miscueruntque
575 731 719 808 herhas
733 743 773 806 et
791 755 875 806 non
891 733 1047 808 innoxia
1065 730 1218 822 verbu*

249 913 299 967 127
313 911 507 984 praestantius
529 911 649 979 Longob.
673 910 792 963 Parrhes.
813 909 876 961 edit.
894 913 963 965 Ven.
983 919 1011 961 et
1030 909 1147 962 Macrob.
1171 913 1218 962 Set.
1231 909 1256 965 ll,
1272 909 1299 960 li

212 982 351 1050 frequente
360 995 458 1032 errore.
478 981 560 1049 (quod
571 981 689 1032 Medios
703 1000 735 1031 m.
750 997 789 1048 pr.
809 981 880 1047 Wr.)
915 981 980 1032 Post
995 981 1066 1032 hunc
1081 981 1109 1030 in
1121 979 1198 1032 Goth.
1208 995 1301 1030 smer-

213 1069 257 1104 sus
272 1051 322 1106 130
334 1049 499 1118 sequebatur.
571 1051 621 1104 129
638 1053 802 1102 Miscuerint
822 1051 914 1118 l'rngm.
933 1051 1027 1100 Monet.
1051 1067 1117 1102 unus
1132 1049 1212 1100 Mesd.
1227 1059 1301 1098 elren

214 1119 275 1172 edd.
304 1121 476 1172 miscuerant
494 1121 585 1171 Frenc.
604 1119 752 1187 cinnhrig.
771 1119 851 1170 Goth.
871 1137 923 1170 esc.
957 1119 1057 1170 Eadem
1074 1113 1302 1186 sarietssspndlie·

212 1189 288 1241 rium.
322 1191 422 1241 Versus
443 1187 553 1240 insertus
575 1207 607 1240 ex
627 1189 674 1240 Ge.
694 1191 738 1252 lll,
754 1189 816 1252 283,
842 1188 886 1240 ubi
905 1205 929 1240 r.
948 1188 1045 1240 dudum
1070 1189 1203 1240 dommus
1219 1197 1302 1236 nuncet

213 1259 311 1311 eiectus
324 1277 339 1309 s
354 1256 484 1308 Brunclio
497 1267 525 1310 et
537 1257 566 1310 in
579 1259 642 1310 edit.
659 1258 800 1310 Parmensi.
828 1258 866 1326 (ei
906 1257 1013 1308 enuinus
1031 1267 1074 1308 est
1090 1258 1135 1308 hic
1151 1275 1238 1318 versus,
1251 1255 1303 1321 opti·

211 1327 711 1465 triectensis-‘tectus
727 1275 910 1448 eneti
927 1323 1303 1448 herlewinus

211 1468 273 1522 283.
290 1467 325 1518 sd
340 1465 484 1518 orationem
495 1475 556 1533 apte
569 1481 757 1534 nmeroseqne
769 1465 939 1517 claudendum
953 1431 1118 1518 neeessdsins
1133 1415 1180 1528 sit,
1201 1465 1258 1516 idem
1268 1479 1302 1512 nn·

212 1548 267 1588 stro
278 1536 340 1588 loeo
353 1535 428 1586 nimis
442 1535 522 1604 longo
536 1533 674 1588 intervallo
690 1535 815 1603 ffisiungit
825 1535 887 1586 ills:
912 1553 967 1604 quo
987 1553 1045 1587 non
1057 1537 1230 1608 praesentius
1244 1533 1302 1582 ullus

212 1635 247 1646 -
259 1635 293 1646 -
308 1633 341 1644 -
355 1633 388 1644 -
410 1605 550 1657 Auxilium
566 1607 649 1657 venit.
688 1605 796 1658 Accedit
814 1604 928 1656 Medicei
942 1604 1106 1668 auctoritas,
1138 1605 1171 1656 sb
1193 1601 1317 1654 editonlu'

230 1675 290 1727 lsne
302 1675 440 1744 neglecte,
462 1674 531 1726 hunc
545 1691 646 1726 versum
660 1691 715 1726 nou
728 1675 756 1726 in
777 1675 885 1736 ordine,
910 1673 1001 1725 sedin
1013 1674 1136 1742 margine
1151 1673 1260 1724 inferiore
1271 1688 1302 1718 sr-

211 1693 334 1798 libente.
371 1745 443 1806 Quae
459 1761 501 1794 res
517 1743 567 1796 etsi
588 1761 641 1795 non
652 1745 717 1796 tanti
737 1752 778 1796 est
791 1743 932 1806 momenti,
958 1743 1053 1794 utiam
1068 1743 1168 1794 nullum
1182 1739 1317 1806 dubitationi¹

210 1813 296 1866 locum
316 1811 433 1864 relictum
456 1829 513 1864 esse
526 1823 631 1880 putem,
656 1813 765 1866 mirilico
787 1823 872 1864 tomen
895 1821 974 1880 auget
993 1813 1175 1881 suspicionem
1188 1814 1218 1864 sb
1231 1809 1317 1877 lleynie¹

211 1883 355 1940 excitatum.
388 1883 478 1951 ltaque
498 1883 615 1934 stellulae
629 1884 662 1935 sb
683 1901 716 1936 eo
737 1881 870 1950 appositus
893 1881 1046 1933 retinendus
1069 1883 1169 1934 censui.
1200 1867 1317 1932 Audissesi

210 1951 289 2004 etism
303 1950 456 2002 Brunckinrn
468 1951 507 2004 its
520 1953 703 2004 disserentem:
728 1951 831 2016 „Huius
847 1969 936 2002 versus
957 1969 972 2002 e
995 1951 1110 2019 regione
1129 1953 1250 2004 adleverst
1262 1947 1317 2014 elin,

208 2019 567 2144 idttl‘ittffltl'
583 2022 1117 2162 titlmqlil¹iilinll“lttsslt‘
1126 2021 1303 2142 {istm

209 2159 265 2224 rei,
282 2176 358 2228 quern
372 2158 405 2209 sd
423 2177 539 2212 amorum
550 2130 686 2224 v’enelieis,
703 2179 757 2213 non
771 2160 827 2213 sine
842 2158 948 2228 magicis
962 2159 1189 2212 incantationibus
1201 2157 1249 2211 fieri
1259 2155 1303 2208 soll·

208 2237 251 2296 ts,
268 2227 400 2281 veteribus
411 2228 556 2282 adhibitam
569 2230 651 2282 luisse
664 2243 780 2296 consul,
801 2239 831 2282 ut
846 2245 861 2281 e
873 2228 988 2282 Theocr.
1010 2228 1225 2283 Pharmsoeunis
1240 2240 1261 2280 et
1273 2227 1302 2276 ll·

208 2386 352 2448 universe
366 2384 403 2444 de
416 2383 493 2445 citro
507 2385 648 2466 dixisset,
671 2389 751 2450 eius-
793 2385 920 2460 edsiduo
944 2387 1078 2465 mitigari
1100 2389 1206 2470 coepit.
1232 2383 1305 2444 ludu

209 2493 266 2552 que
282 2471 376 2546 cultu,
397 2471 506 2551 pergit:
528 2475 642 2534 Asseris
656 2479 750 2534 Mar-
791 2493 899 2552 saper,
920 2465 953 2532 lr.
970 2473 1023 2532 diu
1037 2473 1146 2552 palato
1166 2475 1303 2540 immarus,
1316 2521 1317 2530 ,

208 2561 291 2617 tialis
312 2555 482 2640 (Gargilius)
505 2559 591 2636 apud
612 2565 750 2640 idemus
792 2560 863 2638 quia
892 2559 1037 2633 acerbus,
1081 2581 1236 2640 pungens,
1269 2564 1304 2612 sl

201 2649 305 2724 pomis
326 2643 406 2702 hanc
425 2641 557 2702 ardorem
583 2667 644 2704 non
662 2667 749 2706 care-
793 2649 863 2708 127.
885 2645 989 2719 Felix,
1017 2643 1059 2702 de
1086 2647 1197 2706 arbore
1213 2645 1234 2702 si
1252 2641 1303 2700 did

206 2751 293 2788 se-
308 2727 428 2787 adiectis
443 2730 587 2805 nunciis,
610 2751 685 2810 quse
698 2733 748 2792 alii
790 2737 856 2806 tur,
893 2729 934 2788 ed
965 2729 1190 2791 secunditatem
1215 2725 1303 2810 propit

208 2815 245 2874 de
257 2813 457 2874 muloMedics
466 2825 598 2876 narrant
610 2818 646 2876 cf.
656 2819 748 2878 etism
787 2815 915 2895 respicit.
952 2815 990 2874 Et
1004 2836 1078 2874 sune
1092 2817 1165 2878 citri
1175 2819 1246 2876 letus
1255 2832 1303 2892 pfl·

205 2899 338 2961 Macrob.
359 2903 421 2959 Sat.
441 2899 476 2975 Il,
494 2901 542 2966 15.
562 2902 615 2962 uhi
629 2922 668 2962 ex
681 2905 746 2984 Op·
787 2911 880 2982 petua
909 2902 1099 2961 successione
1135 2907 1302 2964 suomesoenl

204 2986 255 3066 pio
268 2987 301 3046 in
311 2985 389 3046 libro
405 2985 443 3044 de
454 2985 641 3048 silvestribus
655 2989 747 3049 arbo·
787 2987 875 3046 Nunc
887 2997 989 3045 tamen
1004 2987 1044 3046 sd
1055 2989 1255 3048 salubrinten
1265 3005 1304 3062 pt·

204 3071 303 3130 ribus:
328 3072 425 3130 Gitreu
438 3075 509 3150 item
521 3075 622 3132 mulius
635 3077 746 3134 etPes-
789 3073 850 3134 tius
870 3071 1022 3152 epitheton
1045 3085 1185 3152 spectare
1203 3073 1304 3139 videtur,

204 3159 268 3216 sicu
276 3179 288 3228 ‚·
311 3157 406 3216 altem
420 3169 581 3236 generatur
593 3163 627 3217 in
639 3161 745 3236 Indu,
789 3167 824 3218 ut
837 3167 943 3218 contro
956 3157 1072 3233 infelix,
1092 3161 1257 3232 infaustum,
1267 3167 1303 3213 &t

205 3256 232 3300 et
261 3247 293 3300 in
319 3243 430 3300 Media
459 3243 574 3302 adera:
612 3254 745 3324 tuncque
788 3243 871 3322 quod
893 3253 990 3303 nocet.
1039 3244 1103 3306 Pro
1124 3245 1227 3306 veneni
1248 3241 1317 3336 ane,

204 3327 323 3388 subiicit
337 3327 399 3386 sere
412 3327 524 3388 eadem.
557 3329 684 3390 Videtur
695 3341 746 3390 tn·
788 3329 862 3390 dolo
884 3328 1024 3388 habitum
1045 3350 1112 3390 esse
1130 3325 1317 3411 pomumllel

203 3434 272 3474 men
303 3422 386 3474 recte
409 3413 556 3474 Medicam
583 3417 696 3476 mslnm
726 3439 745 3477 a
787 3415 888 3476 dicum
924 3416 1014 3476 etiam
1045 3435 1083 3476 ex
1115 3411 1317 3504 ‘l'hesphrsslol

202 3501 320 3562 Persico
341 3499 508 3560 discernere
523 3499 643 3561 Vossius
664 3503 745 3584 etsd
786 3501 968 3576 Dioscoride,
990 3499 1097 3576 Plinio,
1122 3511 1247 3574 constet,
1264 3515 1302 3556 nn*

203 3587 273 3646 citri
296 3605 387 3666 genus
407 3585 545 3645 acidioris
556 3588 683 3648 referre:
706 3585 744 3648 ds
784 3589 864 3648 sorte
879 3587 991 3647 iniuria
1002 3587 1034 3646 in
1052 3589 1143 3648 certis
1157 3589 1251 3648 saltem
1262 3601 1301 3640 st·
1316 3631 1317 3660 ff

203 3693 264 3751 quo
286 3671 433 3733 videbunt
453 3671 608 3748 botsnici,
638 3673 744 3733 locisa
785 3693 932 3736 nouorum
951 3673 1119 3752 generibus.
1174 3675 1240 3738 128.
1262 3663 1317 3726 ΜΡ

202 3757 299 3818 Cerdo
317 3757 473 3818 cumuletis
487 3757 625 3836 inspectis
641 3768 672 3818 et
686 3779 744 3819 ex·
785 3780 897 3818 vercae.
949 3759 1087 3818 Sollenne
1109 3757 1171 3818 hoc
1187 3755 1300 3832 antiquis

201 3845 307 3924 pensis.
350 3843 437 3903 Adde
455 3844 560 3922 fragm.
578 3843 744 3906 Herodisni
783 3843 954 3904 novercalia
977 3843 1064 3919 odis,
1090 3843 1211 3904 fraudes
1218 3889 1226 3918 ,
1245 3839 1299 3900 ins-

203 3925 256 4010 (sd
270 3931 342 3990 cslc.
354 3927 530 4010 Phrynichi)
544 3950 573 4008 p.
585 3934 649 3994 212
661 3935 743 4010 μῆλα
785 3929 869 4006 diss,
899 3949 1014 3988 venene
1043 3950 1216 3990 memorare.
1243 3948 1267 3984 v.
1283 3945 1300 3978 c.

203 4011 332 4094 Μηδικὰ
353 4012 468 4079 triviis
489 4017 583 4096 elenu.
610 4015 663 4076 ubi
679 4015 740 4076 vid.
783 4015 890 4075 Horat.
912 4015 969 4090 lll,
993 4013 1112 4090 24,18.
1143 4014 1228 4074 Orid
1245 4009 1298 4070 Met.

201 4099 332 4160 Nunnes.
368 4101 415 4160 lta
436 4105 530 4158 tristes
557 4103 659 4176 succi,
688 4111 741 4162 sut
782 4100 894 4178 1,147.
916 4101 1010 4162 mullo
1029 4111 1128 4160 temen
1145 4099 1233 4178 magis
1251 4096 1299 4154 lle·

202 4193 291 4244 erunt
321 4187 399 4245 scidi
425 4195 479 4246 sut
501 4185 595 4244 umeri
621 4182 668 4266 (ut
686 4187 739 4248 Ge.
781 4187 902 4260 manis,
937 4206 1027 4264 quam
1065 4185 1191 4244 Graecis
1244 4181 1317 4244 lilil

201 4267 404 4352 1,75etal.)‚
428 4271 490 4332 sive
505 4280 630 4350 propter
645 4274 740 4332 corti·
781 4271 942 4334 verbanno
953 4274 1087 4348 mesu,
1106 4267 1137 4328 ls.
1150 4267 1247 4339 noma,
1259 4265 1296 4322 io·

201 4354 243 4410 cis
265 4375 299 4412 sc
321 4375 481 4431 granorum
500 4356 739 4434 amaritudinem,
782 4357 989 4433 cantationes5
1028 4365 1059 4416 et
1092 4353 1193 4414 eodan
1223 4365 1295 4410 seusu

199 4437 263 4496 sive
288 4457 393 4514 succo,
424 4442 475 4517 qui
495 4443 580 4502 cultu
602 4443 739 4524 deinceps
782 4443 888 4504 herbas
902 4445 1116 4514 condumum,
1136 4443 1292 4502 ventum&
