2710 4998
228 411 330 464 cxxx
444 391 486 464 Ρ.
513 387 730 466 VlRGlLII
749 385 989 465 MARONIS
1014 387 1137 468 VITA

312 581 389 640 Cum
410 580 443 640 in
468 579 625 640 Graeciam
646 577 890 660 proficisceretur
909 579 1068 661 Virgilius,
1102 581 1243 661 sciptum
1258 579 1329 639 luisse

203 666 363 736 ¹roreditur
376 667 413 726 ab
427 665 553 726 Horatio
566 667 692 726 Cmmeu
707 667 748 726 lll
764 666 834 726 libri
847 665 860 725 l
877 667 927 726 Sic
939 679 966 725 te
980 669 1068 726 Divo
1076 679 1182 746 potens
1200 667 1289 746 Cypri.

313 753 392 814 Dum
412 751 446 811 in
469 753 594 812 Graecia
614 752 688 829 suit,
715 753 810 812 tertio
833 753 1047 832 Georgicorum
1067 752 1145 813 libro
1165 751 1329 832 splendidum

228 838 305 900 illud
324 837 497 898 exordium:
527 841 650 898 Primus
669 839 835 898 Idumaeas
850 837 979 917 mserum
1000 837 1071 913 tibi,
1103 841 1253 913 Marna,
1268 837 1328 914 pal-

228 942 314 1001 mas,
338 923 478 984 additum
490 924 580 984 fuisse
596 945 665 982 cum
678 923 805 984 Cotroeo
819 923 983 986 wartonus
1002 923 1129 1003 putabat
1142 924 1215 1002 Life
1228 923 1265 1002 os
1273 925 1329 983 Vir-

225 1013 277 1090 gil
286 1031 317 1090 p.
331 1015 383 1086 27,
405 1029 443 1069 ex
456 1011 703 1091 interpretatione
717 1011 830 1070 scilieet
844 1026 953 1090 parum
968 1009 1077 1070 subtili.

315 1095 435 1172 Fuisse,
465 1096 596 1176 quicum
615 1096 648 1154 in
669 1096 776 1156 itinere
798 1095 922 1155 Tarenti
937 1095 1001 1156 vita
1020 1094 1175 1155 excessisse
1187 1092 1328 1163 traderent,

229 1181 268 1241 ad
288 1182 442 1242 Donatum
459 1177 491 1262 §.
513 1182 552 1247 61
576 1181 701 1242 dictum.
742 1181 812 1241 Sive
835 1191 938 1241 tamen
958 1181 1095 1258 Tarenti,
1125 1181 1187 1240 sive
1203 1175 1327 1239 Bnmdisii

114 1321 117 1328 .
229 1269 352 1345 obierit,
373 1276 503 1346 utraque
524 1266 598 1326 urba
618 1287 688 1327 cum
707 1266 745 1326 ad
764 1267 933 1328 Calabriam
955 1268 1120 1342 reseratur,
1148 1265 1220 1326 binc
1235 1263 1327 1324 intelli·

228 1353 344 1434 gendos
361 1373 467 1412 versus
487 1351 654 1432 Epitapbii:
689 1355 828 1412 Mantua
847 1375 894 1412 me
915 1357 1039 1432 gemuit,
1072 1351 1197 1411 Calabri
1215 1369 1326 1428 rapuere,

228 1439 260 1500 b.
272 1441 303 1500 in
319 1439 455 1498 Calabria
467 1439 548 1498 uitae
565 1447 702 1519 ereptum
715 1455 746 1497 ae
764 1438 918 1518 significat.
941 1439 977 1498 ci.
990 1439 1105 1498 Phocas
1121 1457 1151 1498 v.
1166 1437 1225 1502 105
1239 1448 1267 1494 nt
1280 1434 1327 1492 0³·

229 1525 329 1585 labroa
339 1527 485 1602 rertgtr—
493 1523 649 1583 vehemens
667 1525 787 1583 &aravit
800 1545 925 1603 corpora
938 1524 1067 1584 morbus.

316 1609 390 1668 Ossa
407 1609 518 1687 Virgilii
538 1609 683 1688 Neapolin
696 1611 842 1670 translata
863 1621 893 1669 et
909 1609 952 1670 ibi
969 1611 1003 1670 in
1015 1611 1065 1669 via
1080 1609 1237 1670 Puteolana
1247 1603 1326 1685 sepul-

228 1703 268 1754 ta.
296 1694 359 1756 vid.
380 1693 488 1754 Donat.
509 1691 542 1774 §.
564 1695 615 1760 65.
642 1695 695 1766 66,
725 1705 755 1755 et
777 1695 817 1755 ibi
837 1695 906 1755 Not.
948 1695 1041 1776 Apud
1058 1695 1267 1774 Hieronymum
1282 1690 1297 1748 l
1311 1687 1325 1744 l·

234 1779 314 1839 Ossa
334 1782 398 1837 eius
412 1781 570 1858 Neapolin
590 1781 793 1856 translatoris
811 1781 938 1840 secundo
962 1777 1001 1840 ab
1023 1781 1092 1842 ints
1113 1781 1240 1840 mr'ls'tsrt'o
1260 1794 1324 1853 tept-

230 1867 364 1940 uuna,
389 1866 475 1924 titulo
490 1865 658 1924 eiusnodi
671 1887 765 1945 supra
778 1871 904 1945 scripto,
936 1887 1024 1947 quem
1038 1869 1166 1926 morrena
1180 1867 1238 1944 ipae
1248 1863 1324 1920 dieta-

131 1955 134 1966 '
178 2021 184 2034 ⁸
228 1963 331 2017 verat.-
362 1949 563 2010 MANTUA
583 1950 648 2011 ME
678 1953 872 2028 GENDIT,
892 1951 975 2030 quod
993 1953 1075 2032 apud
1093 1953 1238 2012 Donatum
1257 1941 1323 2027 §55

228 2037 321 2116 legas,
350 2045 381 2095 et
404 2035 435 2095 in
456 2037 657 2096 Eusebianum
678 2037 850 2097 chronicon
868 2037 953 2098 baud
975 2038 1065 2098 dubie
1079 2038 1117 2096 ab
1141 2035 1322 2116 interpolatore

228 2122 327 2198 venit3
343 2121 507 2200 repetitum
519 2122 590 2181 inde
604 2143 622 2180 a
638 2122 775 2182 Vinoent.
789 2124 937 2184 Dellovao.
957 2125 1074 2204 Specul.
1087 2123 1160 2184 hist.
1175 2121 1233 2197 Vll,
1252 2122 1292 2184 60·

311 2207 354 2270 De
367 2216 548 2267 testamento
564 2207 677 2287 Virgilii
689 2207 751 2268 vid.
766 2207 919 2269 Donatum
932 2206 965 2290 ς.
975 2211 1031 2276 56.

314 2309 589 2390 Eumpaulloante
604 2311 872 2386 mariamnensis,
901 2311 1034 2391 adeoque
1050 2311 1152 2372 omnia
1169 2331 1220 2371 sua
1239 2304 1321 2384 scripta

230 2395 280 2476 (ut
291 2395 381 2456 etiam
396 2395 616 2454 Grammaticus
635 2395 667 2454 in
687 2395 848 2478 Antbolog.
863 2397 928 2458 Lat.
946 2398 988 2474 11,
1013 2397 1091 2474 184,
1115 2395 1158 2477 (v.
1173 2415 1246 2477 supr.
1263 2393 1322 2450 iulet

229 2483 409 2542 Testimonia
422 2503 451 2541 n.
466 2479 533 2564 Vll)
558 2479 689 2564 accepit)
720 2483 896 2543 comburere
917 2483 1061 2560 voluisse,
1085 2503 1175 2560 mox,
1190 2469 1230 2542 ¹ut
1241 2475 1322 2537 Aeneis

228 2570 330 2629 saltem
356 2567 598 2643 combureretur,
634 2577 788 2648 tamquam
814 2567 1023 2650 imperfectum
1047 2589 1141 2650 opus,
1172 2569 1321 2628 testamento

228 2655 394 2734 scripsisse,
416 2653 554 2730 tandem,
588 2655 751 2714 amicorum
767 2656 905 2735 precibus
922 2655 1052 2733 victum,
1073 2656 1166 2718 Vario
1180 2675 1213 2714 ac
1224 2653 1321 2717 Tuscae,

228 2741 265 2800 de
282 2741 390 2820 quibua
407 2737 734 2821 acanonistos,
756 2741 868 2820 scripta
884 2761 938 2802 sua
956 2741 1085 2821 legasse,
1113 2762 1149 2801 ea
1171 2741 1223 2800 sub
1239 2731 1321 2796 condi·

227 2827 324 2900 tione,
348 2845 385 2885 ns
399 2825 610 2902 emendarent,
638 2836 745 2886 namet
758 2825 894 2886 Donatus
912 2824 945 2908 6.
961 2829 1011 2893 52.
1032 2829 1084 2893 53.
1127 2827 1174 2888 Ab
1193 2827 1225 2885 iis
1237 2833 1320 2888 umen,

227 2913 311 2972 iussu
329 2911 470 2986 Caesarie,
491 2909 653 2970 Aeneidem
667 2911 854 2972 emendatam
868 2913 992 2990 essesin
1008 2913 1111 2974 eadem
1125 2911 1263 2991 farragine
1273 2923 1320 2964 mt-

227 3007 366 3056 moratur
379 2993 411 3076 §.
426 2998 485 3072 66,
508 2997 591 3075 quod
602 2997 646 3056 ita
660 2997 821 3077 intelligas,
842 3008 879 3059 ut
899 2977 1087 3059 emdudarint
1105 2999 1223 3080 quidem
1236 2991 1319 3053 lolltl·

228 3081 286 3158 do,
306 3101 369 3140 non
385 3091 486 3142 autem
511 3081 651 3141 addendo
661 3105 670 3158 ;
696 3104 727 3143 v.
742 3104 806 3163 sup.
828 3083 867 3144 ad
880 3083 987 3144 Donat.
1003 3107 1026 3146 s.
1045 3087 1097 3152 59.
1140 3087 1185 3146 lta
1202 3085 1255 3142 sere
1266 3075 1319 3138 ffit‘

212 3182 373 3251 ,gonymus
386 3165 497 3225 Chron.
510 3167 616 3226 Euseb.
630 3169 669 3226 ad
684 3169 804 3249 Olymp.
822 3175 893 3246 190,
915 3171 935 3233 4
954 3173 1066 3231 Varius
1082 3183 1110 3230 et
1134 3175 1244 3243 rusca,
1266 3163 1293 3224 V
1290 3163 1319 3217 ⁸¹1·

224 3251 298 3330 gitis·
311 3263 338 3310 et
352 3253 478 3310 Horatii
490 3251 722 3331 contubernales,
736 3267 844 3334 poetae
854 3255 1002 3314 habentur
1013 3258 1151 3334 illustres,
1172 3258 1223 3336 qui
1233 3245 1319 3312 Auiti·

226 3338 299 3398 dum
311 3349 418 3416 postea
435 3335 524 3396 libros
538 3338 731 3398 emendamur
745 3340 799 3399 sub
811 3363 848 3400 ea
860 3342 927 3420 lege
933 3386 943 3417 ,
967 3354 1001 3400 ut
1013 3341 1093 3402 rar'lrr'l
1104 3343 1248 3401 adderent·
1275 3331 1319 3391 Nl·

226 3421 286 3484 scio
303 3443 341 3481 an
354 3422 434 3484 inter
446 3422 564 3482 sublata
578 3425 770 3484 referendum
786 3427 825 3487 sit
840 3426 931 3502 illud,
953 3427 1036 3505 quod
1057 3427 1140 3508 apud
1152 3423 1318 3488 Senectus

226 3509 414 3588 3eVirgilio
436 3509 601 3569 excitatur:
623 3512 720 3588 plena
743 3511 807 3572 deo.
849 3513 962 3572 Locum
981 3513 1058 3574 illud
1076 3511 1186 3572 habere
1198 3499 1318 3592 ponitis

224 3594 298 3655 Aen.
310 3595 359 3654 VL
401 3593 482 3653 Nihil
496 3603 596 3654 tamen
616 3615 654 3654 ex
676 3595 807 3656 Aeneide
824 3597 1007 3658 intercidisse
1028 3599 1140 3678 alioqui
1156 3597 1317 3658 memoratur·

224 3681 295 3740 Fuit
306 3691 405 3740 tamen
420 3679 529 3761 Guyeti
543 3699 668 3742 acaunen
675 3727 684 3760 ,
707 3683 789 3762 quod
801 3693 932 3762 quatuor
945 3693 1094 3744 extremos
1103 3683 1238 3744 Aeneidis
1249 3675 1318 3770 lilfol

224 3765 346 3846 Virgilio
366 3765 561 3826 abiudicaret.
596 3767 672 3826 Nam
687 3769 728 3828 lo.
743 3769 891 3830 Harduini
912 3771 1060 3830 somnium
1080 3772 1130 3832 val
1148 3769 1236 3830 verbo
1247 3769 1318 3821 attru-

223 3871 291 3928 gere
314 3853 411 3931 piget,
449 3852 501 3932 qui
524 3861 619 3912 totam
640 3853 801 3914 Aeneidem
826 3858 920 3914 letum
940 3875 1016 3916 saec.
1039 3849 1110 3918 XIll
1136 3874 1197 3916 esse
1215 3845 1316 3912 volun

224 3937 341 3996 llesellit
355 3957 422 3998 euru
434 3937 541 3997 Saxiue
553 3937 585 3997 in
597 3937 672 4019 disp.
688 3941 766 4020 Lips.
781 3946 864 4006 1737
881 3939 993 4001 habita.

308 4021 429 4100 lleliqui
445 4023 637 4084 Gr'ammatici
649 4025 739 4086 modo
751 4025 811 4085 hoc
823 4026 913 4086 modo
927 4025 1004 4086 illud
1020 4035 1196 4104 sequuntur.
1234 4017 1268 4080 Al
1277 4028 1315 4070 V·

223 4117 301 4168 teres
314 4108 482 4188 scriptores,
504 4109 578 4169 Plin.
595 4111 658 4185 VII,
679 4115 730 4187 80,
752 4122 823 4173 sect.
840 4117 878 4178 81
896 4113 941 4171 D.
957 4113 1117 4190 Augiretua
1127 4099 1315 4170 cameritaVff*

219 4195 294 4272 gitti
305 4195 433 4252 ommun'
443 4207 545 4255 contra
559 4201 727 4256 restaurentt
744 4202 808 4257 eiras
827 4197 1037 4259 mandram
1051 4201 1161 4271 νιωίι,
1188 4192 1315 4262 maiusW

222 4283 267 4338 ita
284 4281 350 4338 vati
359 4281 560 4340 testimonum
576 4285 716 4362 comigit,
739 4288 877 4364 quamsi
896 4287 961 4362 ipae
976 4305 1034 4342 suu
1040 4283 1202 4362 probasset.
1228 4269 1314 4335 Gtffill

221 4363 315 4441 XVll,
340 4367 380 4430 10
392 4397 436 4410 -
451 4366 506 4424 sed
523 4388 601 4448 quae
614 4373 839 4447 procrastinata
858 4381 928 4430 eunt
949 4369 989 4428 ab
1010 4391 1062 4445 eo,
1086 4382 1120 4428 ut
1130 4373 1314 4448 portuosus*

220 4463 338 4526 rentur,
363 4461 391 4509 et
404 4448 536 4530 absolsi,
558 4458 703 4542 quomam
725 4476 805 4516 mora
818 4467 1037 4536 praeverterat,
1059 4458 1257 4536 nequiverint»
1275 4457 1314 4498 'u‘
