2784 4988
220 411 307 485 mr
514 387 588 461 nx
622 385 1051 462 rnrnrnrmur

219 571 427 654 monenda
450 569 577 671 fuere,
607 595 700 650 curn
726 573 992 674 interpretum
1018 570 1194 673 aliquem
1221 583 1265 648 et
1286 573 1338 648 vi-

219 703 313 758 rum
339 677 506 755 doctum
534 678 575 753 in
610 676 691 754 hoc
722 676 788 754 rel
813 675 881 753 illo
908 675 1000 752 loco
1029 687 1071 752 et
1094 666 1221 752 verbo
1247 673 1338 750 hae-

220 783 317 862 sisse
335 780 535 876 viderem;
561 803 658 858 nam
674 778 844 858 faciebat
863 802 909 860 ea
929 803 995 856 res
1008 777 1229 881 probabile,
1256 775 1337 854 fieri

219 909 351 990 posse,
376 897 424 962 ut
444 885 564 962 etiam
587 881 686 962 alius
706 883 758 960 ad
781 882 960 960 eundem
980 907 1048 958 sco
1077 879 1193 958 ulum
1214 877 1338 957 offen-

221 989 355 1088 deret,
382 989 455 1066 etsi
479 1012 577 1065 meo
598 1011 718 1064 sensu
743 987 855 1064 locus
880 986 981 1064 nihil
1008 985 1048 1063 di
1098 984 1251 1064 cultatis
1274 984 1338 1059 ha-

219 1091 321 1170 bere
354 1091 459 1170 visus
494 1105 595 1185 erat;
630 1092 703 1170 sed
735 1091 880 1170 monui
915 1091 1065 1188 verbo,
1103 1089 1338 1190 plerumque

220 1195 330 1273 nulla
357 1193 509 1292 aliare,
534 1221 657 1298 quam
681 1219 775 1272 vera
801 1193 1131 1298 interpretatione
1148 1191 1337 1282 subiecta,

278 1324 324 1376 ae
353 1299 386 1374 si
410 1299 476 1378 cui
502 1301 629 1376 otiosa
653 1297 840 1376 velleris
865 1299 945 1376 visa
970 1295 1103 1396 fiterit,
1131 1310 1338 1398 antequam
1382 1363 1383 1402 ,

220 1325 277 1480 dl
308 1403 392 1480 elus
424 1401 638 1480 inutilitate
661 1401 914 1506 pronuntiet,
948 1400 1043 1480 alios
1073 1399 1197 1478 velim
1222 1398 1338 1476 inter·
1382 1461 1383 1492 ,

219 1520 355 1609 pretes
395 1519 437 1584 et
476 1521 813 1585 commentatores
855 1503 1099 1583 evolvendos
1139 1501 1215 1580 slbi
1259 1524 1336 1578 esse
1382 1497 1383 1506 '

219 1623 344 1712 putet
1153 1633 1154 1638 ¹

325 1817 517 1894 ceterum
536 1836 684 1915 operae
708 1835 836 1913 meae,
863 1815 937 1892 etsi
951 1809 1232 1892 trumrltuariae
1246 1805 1334 1902 fere,
1381 1775 1383 1866 l

222 1942 335 2017 cum,
373 1929 467 2018 post
498 1917 680 2018 priorem
712 1921 891 1996 Tomum
925 1915 1144 2016 vulgatum,
1172 1921 1334 2016 poetam,
1379 1987 1383 2036 Ἰ

220 2047 297 2124 per
328 2021 463 2123 plures
496 2045 623 2098 annos
651 2023 890 2124 sepositrun,
917 2043 1094 2124 moxque
1116 2018 1335 2120 repetitum,
1381 2095 1383 2104 ξ

220 2149 296 2228 per
332 2124 536 2202 mensium
571 2149 694 2227 saepe
732 2125 908 2228 plurium
947 2123 1163 2202 decursum
1207 2117 1334 2196 itidem
1377 2105 1383 2242 J

221 2227 321 2306 aliae
348 2247 466 2305 cinae
497 2239 539 2304 et
564 2227 795 2306 officiorum
819 2241 951 2332 partes
975 2227 1160 2304 manibus
1191 2234 1335 2302 excute-
1382 2281 1383 2290 ι

220 2345 333 2432 rent,
363 2331 465 2410 ratio
500 2328 577 2411 fuit
608 2329 696 2410 fere
722 2333 841 2432 haec,
866 2345 916 2410 nt
929 2340 1091 2433 prmum
1116 2324 1335 2431 particulam
1381 2303 1383 2352 l

221 2434 394 2538 aliquam
423 2441 570 2540 poetae
602 2435 653 2514 ad
678 2459 819 2514 meum
852 2459 1018 2514 sensum
1051 2437 1335 2535 interpretarer,
1376 2501 1383 2540 Ὺ

204 2560 407 2643 ¹quaeque
439 2541 600 2617 monitu
623 2541 844 2619 necessaria
869 2537 1122 2643 viderentur,
1148 2532 1335 2614 adscribe·
1378 2541 1383 2668 ἐ

219 2667 330 2744 rem,
361 2655 438 2720 tum
460 2641 701 2746 interpretes
728 2642 1000 2740 consulerem,
1025 2643 1205 2744 primum
1235 2647 1334 2713 vete·
1375 2711 1379 2740 ,Ἰ

219 2771 302 2847 res,
334 2759 423 2824 tum
447 2749 703 2827 recentiores.
756 2751 887 2844 Quam
911 2746 1060 2824 vellem
1086 2765 1248 2839 omnes,
1273 2735 1334 2814 sal-
1377 2751 1379 2762 ’

219 2863 306 2927 tem
337 2851 492 2956 plures,
532 2877 553 2929 a
589 2877 658 2929 me
692 2853 868 2954 potuisse
900 2850 1056 2954 inspici,
1094 2847 1333 2944 aliorumque
1375 2824 1383 2876 ’ᾖ

221 2955 345 3055 copiis
372 2979 508 3032 meam
534 2981 688 3078 penum
712 2953 964 3058 locupletari!
1002 2958 1095 3033 Non
1118 2951 1276 3044 dubito,
1301 2955 1334 3019 et

220 3081 269 3133 er
294 3069 431 3134 vetere
457 3057 630 3136 lectione
665 3060 784 3136 etiam
809 3059 1006 3137 memoria
1031 3071 1177 3154 teneo,
1202 3055 1242 3130 in
1259 3073 1333 3126 sex·

220 3156 347 3235 centis
382 3159 492 3237 libris
532 3161 747 3238 doctorum
790 3163 969 3240 virorum
1008 3157 1222 3259 virgiliana
1257 3155 1332 3229 loca
1378 3170 1379 3177 ¹

220 3261 405 3339 illustrari
446 3263 512 3340 vel
551 3263 764 3344 obscurari.
821 3271 1017 3344 Poterunt
1058 3276 1151 3366 post
1182 3283 1250 3336 me
1279 3251 1332 3332 alii
1379 3241 1383 3290 l

195 3398 198 3413 1
220 3363 383 3444 aliunde
403 3388 502 3469 opes
528 3392 651 3444 novas
672 3391 911 3468 congerere,
937 3381 1007 3445 aut
1023 3391 1070 3444 er
1090 3365 1259 3443 aliorum
1278 3381 1333 3436 ac-

221 3472 417 3549 curatiore
444 3470 626 3548 doctrina
652 3496 818 3575 operam
844 3495 980 3550 meam
1009 3469 1244 3562 emendare3
1271 3457 1332 3540 etsi
1379 3449 1383 3496 ³

219 3600 341 3677 super
373 3575 538 3676 Virgilio
566 3575 691 3653 multa
718 3577 851 3654 dicere
883 3573 1000 3652 facile
1028 3587 1106 3668 est,
1138 3585 1195 3668 at,
1220 3588 1332 3672 pauca
1382 3553 1383 3602 l

218 3693 330 3756 recte
372 3679 523 3779 dicere,
565 3681 656 3756 satis
699 3677 871 3760 difficile.
932 3683 1018 3778 Ego
1053 3677 1219 3781 quidem
1251 3691 1331 3748 cum
1379 3655 1383 3707 ¹

77 3809 86 3828 ·
219 3803 305 3858 non
338 3806 500 3886 possem
538 3783 722 3862 evolvere
760 3807 926 3879 omnes,
965 3783 1089 3860 sumsi
1128 3783 1170 3857 in
1203 3793 1332 3855 manus
1380 3763 1383 3810 ³

219 3885 413 3986 optimos,
440 3887 582 3965 saltem
608 3887 869 3986 dodnsimos,
898 3911 1000 3989 quos
1029 3885 1071 3962 in
1097 3879 1332 3986 praefatione
1379 3865 1383 3916 l

218 3991 363 4094 prioris
397 3991 622 4071 voluminis
647 3991 765 4069 huius
798 3988 984 4070 editionis
1011 3977 1331 4066 commemorarit
1381 3969 1383 4014 ¹

220 4107 278 4190 et,
311 4114 419 4170 nnnc
452 4095 495 4172 in
526 4095 725 4192 Aeneide,
760 4121 782 4172 e
807 4093 1099 4172 recentioribus
1126 4087 1332 4190 Trappium
1382 4073 1383 4118 l

220 4209 261 4274 et
294 4201 550 4280 Wartonum.
585 4201 719 4296 Pierii,
753 4199 921 4296 Heinsii,
956 4211 997 4275 et
1031 4192 1247 4274 Burmanni
1273 4207 1332 4260 co·
1382 4175 1383 4224 ¹

219 4300 307 4402 piae
341 4301 392 4378 ad
424 4301 606 4394 lectionis
648 4305 877 4380 varietatem
918 4316 959 4380 et
1004 4301 1210 4378 veritatem
1250 4311 1329 4390 spe·

220 4416 348 4500 ctant3
389 4405 441 4482 ad
481 4405 852 4510 interpretationem
892 4429 1035 4509 parum
1074 4403 1169 4483 inde
1205 4389 1331 4502 prole·
1379 4383 1383 4430 l
