2816 4990
227 413 293 464 trv
576 386 1007 464 PRAEFATIO

229 576 406 652 studium
423 573 682 669 adhiberent,
709 575 801 674 ipsi,
828 573 891 649 vel
903 573 989 648 sine
1012 573 1215 672 magistro,
1242 573 1363 671 inge-

201 681 343 756 rnium
371 677 546 776 fingere,
586 675 872 778 interpretandi
902 689 1029 752 artem
1058 675 1281 772 addiscere,
1319 688 1367 754 et

203 785 206 804 ¹
229 781 445 858 multarum
466 781 699 876 notionum,
736 781 822 855 sine
848 780 992 881 quibus
1012 803 1087 854 nce
1112 777 1174 854 alii
1188 780 1366 880 scripto-

178 960 180 966 .
230 911 294 962 res
313 898 421 961 'recte
445 883 523 984 legi
544 895 730 984 possunt,
758 884 915 984 copiam
937 883 1011 958 sibi
1027 907 1164 982 parare
1181 895 1366 982 possent.

231 993 334 1068 Cum
349 1011 472 1088 porro
487 987 616 1064 multo
632 1011 768 1063 rerum
782 1011 858 1062 usu
875 985 1120 1083 didicissem,
1153 985 1253 1060 nihil
1279 983 1366 1060 dis-

232 1091 373 1167 ficilius
399 1115 484 1165 esse
499 1091 542 1164 in
567 1089 823 1192 scriptoribus
843 1089 1024 1184 classicis,
1061 1089 1240 1190 inprimis
1256 1113 1368 1190 poe-

231 1197 302 1292 tis,
329 1192 653 1295 interpretandis,
682 1218 801 1296 quam
817 1222 895 1269 eum
908 1221 1013 1269 senen
1021 1199 1263 1293 grammatico
1276 1221 1368 1268 con-

231 1306 386 1374 iunctum
406 1305 560 1374 retinere
578 1325 718 1374 sennem
735 1303 935 1396 poeticum
957 1309 1015 1389 et,
1043 1295 1141 1371 dum
1162 1297 1368 1371 sermonis

231 1401 537 1503 proprietatem,
571 1400 759 1476 orationis
785 1397 1024 1476 retexendae
1049 1411 1089 1475 et
1112 1397 1162 1474 ad
1184 1398 1367 1498 logicum

232 1503 419 1581 ordinem
436 1502 683 1580 revocandae
702 1515 846 1599 artem,
871 1502 1083 1603 multoque
1098 1504 1232 1600 magis,
1260 1501 1367 1578 dum

233 1607 405 1683 criticam
419 1603 674 1682 subtilitatem
689 1607 878 1707 sequeris,
903 1605 1059 1702 videre,
1087 1606 1184 1706 quid
1200 1631 1246 1682 ex
1258 1629 1366 1706 poe-

232 1711 331 1786 ticae
359 1709 548 1784 orationis
571 1709 690 1808 genio
714 1722 834 1810 poeta
851 1708 1008 1806 dixerit,
1037 1707 1215 1810 quidque
1231 1709 1366 1808 phan-

232 1813 403 1889 tasmatis
423 1813 569 1912 poetici
585 1814 686 1888 ratio
707 1813 881 1891 obiicere
900 1813 983 1889 eius
999 1813 1132 1887 animo
1156 1809 1364 1888 debuerit:

233 1940 359 2008 nunc,
384 1916 518 1990 minus
536 1941 657 2016 quam
674 1929 806 2016 antea,
840 1917 981 1992 criticis
1004 1940 1076 1991 seu
1095 1915 1365 2013 grammaticis

233 2017 511 2095 subtilitatibus
544 2018 775 2120 implicitus,
817 2021 996 2095 animum
1026 2017 1214 2094 liberiore
1242 2041 1365 2093 cursu

233 2130 286 2199 nd
300 2129 415 2221 msam
433 2136 579 2222 poetam
602 2123 781 2221 intendi,
806 2135 853 2199 ut
873 2123 994 2199 totius
1012 2122 1196 2200 carminis
1212 2121 1365 2198 descri-

232 2225 426 2328 ptionem,
452 2225 625 2326 partium
640 2250 892 2320 consensum,
919 2226 1175 2301 inventorum
1188 2223 1363 2322 fontem,

234 2342 275 2406 et
299 2329 467 2404 inventis
494 2327 635 2405 utendi
662 2343 807 2426 artem,
843 2327 1164 2430 phantasmatum
1178 2329 1364 2430 poetico-

232 2457 324 2508 rum
351 2443 390 2508 et
413 2433 612 2508 rationem
639 2433 971 2510 etauctoritatem
995 2445 1230 2511 excuterem.
1283 2435 1363 2508 Ita-

234 2558 313 2639 que
336 2535 445 2612 nu'lla
461 2533 576 2612 facile
599 2536 740 2714 pagina
753 2536 898 2612 mansit
913 2537 1073 2634 intacta,
1108 2536 1205 2636 quin
1217 2557 1363 2611 manus

235 2637 481 2716 emendatrix
505 2660 595 2715 acce
628 2652 729 2738 eret,
757 2639 830 2715 alia
846 2637 1066 2716 recidendo
1085 2637 1156 2714 alia
1170 2637 1362 2739 supplen-

234 2743 289 2820 do
314 2767 386 2818 seu
410 2739 701 2821 substituendo.
755 2745 858 2821 Cum
892 2767 1091 2818 summam
1126 2741 1362 2818 brevitatem

234 2848 274 2922 in
291 2847 619 2947 interpretatione
644 2846 891 2947 sequendam
915 2869 1001 2922 esse
1023 2845 1221 2922 videremr
1249 2845 1361 2921 clari-

232 2962 357 3025 tatem
372 2962 508 3026 tamen
526 2962 566 3024 et
582 2951 903 3050 perspicuitatem
920 2974 1012 3029 cum
1031 2973 1077 3024 ea
1105 2950 1358 3024 coniunctam

235 3076 320 3128 esse
342 3051 460 3130 volui.
515 3051 637 3144 Quod
661 3053 693 3127 si
717 3052 767 3128 ad
789 3052 978 3148 Cerdam,
1005 3053 1233 3148 Heinsium3
1261 3055 1361 3129 Bur-

233 3177 428 3229 mannum
444 3165 484 3228 et
497 3152 593 3229 alios
606 3155 785 3252 remitto,
811 3154 891 3231 boc
908 3177 993 3229 non
1008 3177 1083 3256 pro
1098 3155 1226 3230 inutili
1242 3157 1359 3232 citato

233 3254 487 3354 babendum,
523 3280 665 3334 verum
685 3257 956 3358 quaerendam
979 3257 1034 3333 ibi
1051 3282 1136 3334 esse
1155 3259 1361 3360 exemplo-

233 3385 324 3436 rum
364 3359 519 3459 copiam
549 3385 620 3438 seu
648 3361 886 3438 ulteriorem
919 3360 1228 3437 declarationem
1266 3365 1360 3458 eius,

236 3461 349 3565 quod
369 3461 495 3539 verbo
522 3475 678 3540 tantum
705 3465 860 3561 notavi3
893 3489 970 3541 nee
993 3465 1168 3564 ablegavi
1187 3461 1238 3540 ad
1253 3466 1360 3562 alios,

235 3568 333 3670 quin
353 3566 438 3668 ipse
462 3591 551 3643 rem
582 3578 623 3643 et
645 3565 846 3644 summam
869 3568 1157 3645 observationis
1182 3593 1361 3670 appone-

234 3695 342 3748 rem:
368 3669 469 3746 nibil
483 3671 590 3746 enim
615 3695 700 3747 esse
724 3685 858 3773 potest
876 3671 1101 3770 molestius,
1129 3696 1268 3774 quam,
1294 3673 1361 3748 ubi

234 3775 276 3850 in
301 3773 407 3849 notis
431 3775 610 3850 virorum
638 3773 852 3852 doctorum
878 3775 928 3852 ad
956 3775 1128 3878 aliquam
1151 3773 1361 3852 difficulta-

233 3889 320 3954 tem
350 3873 560 3974 offendas,
604 3879 635 3954 si
669 3879 768 3961 nihil
799 3879 906 3956 aliud
932 3877 1065 3955 videas
1098 3877 1359 3980 adscriptum,

129 4035 134 4049 .
236 4005 358 4082 quam
373 3979 594 4057 videndum
610 4007 695 4060 esse
710 3981 819 4060 bunc
832 3981 896 4059 rel
913 3981 1026 4058 illum
1039 3983 1168 4058 virum
1186 3982 1360 4059 doctum.

234 4085 373 4185 Atqui,
407 4085 438 4160 si
466 4084 563 4160 alios
585 4086 793 4162 consulere
810 4086 1043 4183 voluissem,
1076 4109 1160 4162 non
1174 4087 1361 4188 inspexis

235 4212 322 4263 sem
348 4201 407 4284 te,
443 4212 468 4263 o
494 4189 622 4266 bonet
662 4189 786 4288 Igitur
807 4189 889 4290 ipsa
906 4214 971 4265 res
994 4189 1135 4265 saltem
1160 4201 1219 4265 est
1235 4213 1358 4291 appo·

236 4289 392 4384 nenda3
428 4291 594 4368 uberior
619 4291 830 4368 declaratio
866 4288 1106 4396 quaerenda
1126 4291 1232 4392 apud
1257 4317 1360 4384 eum,

237 4394 374 4495 quiin
404 4417 448 4468 ea
486 4393 714 4470 illustranda
753 4395 991 4495 singularem
1023 4419 1189 4496 operam
1219 4395 1359 4496 posuit.
