2784 4988
273 385 548 461 SECUNDAE
573 385 706 462 EDIT.
732 385 960 462 Lxxxvffl
1139 407 1190 460 nv

77 570 135 646 Illa
149 595 239 646 vero
256 572 395 671 iniqua
412 569 477 646 lex
492 583 566 662 est,
589 569 659 646 uhi
675 569 806 649 editor
817 593 1007 668 magnum
1022 568 1187 646 aliarum

77 673 284 762 editionum
306 698 528 750 numerum
556 675 595 748 in
615 686 768 748 struem
791 675 996 772 ingentem
1026 673 1124 748 circa
1143 697 1187 750 se

76 791 336 854 coacervatum
358 776 501 870 habet,
535 787 575 852 et
597 789 802 876 tamquam
826 778 866 852 in
888 800 1038 875 organo
1059 802 1188 876 pneu-

74 881 199 956 matice
227 880 362 956 modo
397 879 501 956 hanc
531 879 657 955 modo
690 879 798 954 illam
831 880 968 956 tibiam
994 875 1121 974 inflat,
1156 881 1187 956 si

73 983 163 1058 idern
188 1008 305 1060 nunc
329 1009 351 1058 a
375 997 435 1080 te,
470 983 538 1084 qui
565 982 725 1081 legendi
741 1007 871 1058 caussa
884 982 1031 1058 librum
1048 984 1089 1058 in
1102 1008 1187 1058 ma—

72 1113 133 1162 nus
149 1090 301 1184 sumis,
327 1086 568 1188 postulatur,
594 1101 655 1182 ut,
690 1087 846 1187 quoties
868 1083 1099 1162 difficultate
1123 1086 1188 1161 ali-

71 1216 133 1292 qna
149 1191 374 1291 obseptum
387 1204 428 1266 te
453 1189 605 1286 videas,
632 1203 764 1267 totum
785 1189 882 1265 illud
895 1213 1088 1286 organum
1102 1213 1188 1264 ma-

69 1319 113 1368 nn
133 1307 304 1389 tractes,
337 1307 379 1370 et
402 1317 568 1368 omnem
593 1307 823 1393 apparatum
850 1293 997 1392 etipse
1021 1294 1122 1368 circa
1146 1306 1188 1368 te

69 1399 231 1476 instruas.
287 1401 354 1474 An
369 1397 595 1497 plantarum
611 1389 854 1498 aliarumque
875 1421 1013 1472 rerum
1026 1396 1189 1470 nomina

67 1502 283 1578 linnaeana
300 1523 569 1601 apponerem,
596 1499 665 1575 diu
679 1499 871 1591 dubitavi3
897 1523 1056 1594 verum,
1083 1498 1189 1572 viro-

68 1630 144 1680 mm
159 1604 386 1680 doctorum
401 1602 553 1678 iudiciis
578 1602 804 1704 exploratis,
827 1601 908 1678 vidi
932 1605 973 1678 in
986 1599 1188 1702 plerisque

68 1711 271 1810 opiniones
295 1731 383 1782 esse
407 1707 530 1782 varias
555 1719 594 1782 et
613 1708 718 1782 inter
733 1731 776 1782 se
792 1707 984 1798 dissonas3
1012 1705 1188 1781 cumita-

69 1837 134 1911 quc
148 1837 241 1888 rem
258 1811 399 1887 ameis
414 1809 552 1886 studiis
565 1808 732 1886 alienam
747 1817 831 1885 non
847 1811 899 1884 ita
913 1821 1079 1885 tractare
1123 1831 1187 1882 os-

69 1941 160 2010 sem,
190 1929 240 1994 ut
264 1939 365 1990 meo
391 1914 604 2015 quicquam
629 1913 776 1989 iudicio
802 1910 1031 2008 definirem,
1065 1835 1188 1986 allatis

69 2033 189 2094 antem
209 2019 332 2094 variis
349 2017 521 2094 aliomm
541 2016 693 2092 iudiciis
711 2015 809 2092 nihil
826 2014 1086 2118 proficerem,
1111 2037 1188 2090 nec
1227 2023 1232 2036 '

68 2121 181 2221 longis
204 2119 543 2222 disputationibus
564 2121 605 2194 in
626 2132 770 2220 poetae
786 2119 1111 2220 interpretatione
1126 2117 1187 2192 lo·
1285 2164 1288 2184 ι

68 2251 126 2301 cus
147 2239 274 2322 esset,
302 2223 417 2300 nolui
441 2221 765 2300 consiliumillud
786 2235 944 2319 tenere,
967 2220 1187 2298 sed‘aucto-

67 2354 138 2424 res,
163 2330 237 2432 qui
254 2329 419 2429 antiqua
443 2325 606 2402 nomina
625 2325 886 2425 illustrarunt,
912 2327 1034 2428 inque
1051 2323 1112 2398 his
1126 2324 1187 2400 in-

67 2433 192 2532 primis
210 2431 432 2510 Martinum
451 2430 563 2531 sequi
581 2429 670 2506 satis
683 2428 815 2506 habui.

159 2641 269 2716 Cum
295 2635 347 2713 de
370 2635 698 2736 interpretatione
722 2635 892 2710 maxime
927 2654 1055 2707 essem
1081 2627 1188 2704 solli·
1317 2677 1322 2685 ·

68 2743 175 2838 citus,
200 2752 242 2816 et
261 2765 308 2815 ea
324 2738 491 2840 quidem
507 2737 723 2835 eiusmodi,
747 2750 893 2813 utnon
910 2730 1188 2828 verba-mod0,

68 2843 340 2920 sediudicium
359 2855 521 2943 poetae,
555 2843 764 2918 inventum
785 2852 825 2915 et
840 2850 986 2933 artem,
1015 2833 1189 2910 declara-

69 2973 166 3044 rem,
195 2947 332 3048 primo
352 2947 500 3023 iterum
523 2945 673 3047 inspexi
686 2957 842 3019 veteres
860 2941 1115 3040 interpretes,
1143 2961 1189 3014 ex

71 3051 208 3153 iisqne,
237 3075 340 3151 qnae
358 3046 463 3146 frugi
480 3063 627 3146 essent,
650 3046 815 3140 adscivi;
839 3041 1043 3122 Macrohio
1062 3054 1103 3117 et
1120 3043 1188 3116 Iu·

72 3153 116 3230 lio
145 3153 295 3230 Sabino
320 3153 363 3228 in
386 3165 518 3252 partes
541 3163 732 3242 assumto;
767 3151 912 3225 iterum
932 3148 974 3222 in
993 3143 1187 3222 Bucolicis

72 3257 349 3352 Theocritum,
381 3255 422 3330 in
450 3256 650 3354 Georgicis
670 3253 890 3354 Scriptores
912 3249 986 3329 Rei
1004 3249 1186 3346 Rusticae

73 3373 107 3434 et
122 3361 451 3462 Geoponicorum
467 3360 690 3459 scriptores,
717 3361 758 3432 in
774 3355 951 3450 Aeneide
962 3357 1187 3428 Homerum

71 3479 197 3539 mente
223 3490 269 3539 ac
293 3463 491 3538 memoria
511 3461 683 3556 recolui;
715 3475 802 3535 tum
822 3482 919 3534 vero
940 3479 1025 3531 non
1044 3479 1187 3555 parum

74 3567 439 3668 interpretationem
453 3579 597 3667 poetae
613 3563 823 3639 meliorem
840 3561 1030 3638 adiuvisse
1047 3557 1189 3632 videor

75 3671 307 3768 argumentis
325 3669 641 3768 diligentioribus
656 3666 889 3768 praemissis,
915 3661 1096 3762 inprimis
1108 3663 1188 3736 Bu·

75 3773 196 3850 colicis
220 3788 260 3850 et
283 3773 507 3872 Georgicis,
552 3771 695 3874 quibus
731 3767 896 3872 quidem
928 3763 1037 3840 nulla
1058 3762 1187 3840 adhuc

79 3875 287 3954 adieceram
315 3889 558 3976 argumenta.
626 3873 805 3951 Omnino
834 3867 1113 3946 Bucolicomm
1147 3880 1188 3942 et

81 3983 355 4081 Georgicorum
383 3978 570 4080 expolitio
595 3977 635 4052 in
659 3977 732 4052 hac
751 3973 986 4052 recensione
1010 3969 1187 4046 elabora-

82 4083 145 4158 tior
168 4099 226 4161 est
248 4111 372 4186 quam
397 4085 439 4158 in
461 4081 598 4182 prima.
655 4084 849 4158 Excursus
872 4074 968 4151 alios
986 4073 1125 4150 refinri
1148 4085 1187 4148 et
1265 4116 1270 4127 ·

85 4190 282 4282 retractavi,
309 4188 410 4266 alios
423 4185 547 4262 adieci
561 4209 705 4261 novos:
731 4179 924 4258 Bucolicis
945 4177 1109 4279 quidem
1125 4200 1187 4251 ac·-

89 4311 217 4368 tessere
242 4305 436 4394 quatuor:
470 4292 488 4364 1
511 4295 657 4390 Eelogn
686 4291 747 4362 IV
766 4311 904 4385 graece
922 4311 1047 4375 nuso,
1082 4283 1121 4354 11
1141 4285 1189 4352 de

93 4395 184 4488 l'uro,
207 4399 261 4474 lIl
275 4405 326 4476 de
348 4401 392 4474 C.
412 4399 576 4471 Cornelio
597 4395 710 4468 Gallo
726 4403 759 4465 et
772 4393 1012 4486 Euphorionis
1028 4387 1188 4474 Chiliusi,
