2710 4998
52 1351 98 1458 P.
139 1349 495 1461 VIRGILll
549 1344 927 1460 MARONIS
986 1351 1174 1458 VITA

260 1623 383 1700 PER
434 1623 638 1700 ANNOS
691 1623 955 1698 DIGESTA
1026 1671 1040 1688 .

506 1907 717 1921 ψ

315 2105 361 2182 U.
389 2105 433 2185 C.
459 2107 565 2182 Varr.
594 2111 679 2184 684.
707 2106 788 2182 Cat.
816 2108 901 2186 682.

99 2281 147 2354 ll.
172 2281 336 2352 licinia
358 2282 519 2354 Crusssss,
545 2281 608 2356 Ou.
631 2282 824 2378 Pompeius
841 2281 1005 2375 Magnus
1028 2280 1123 2352 Coss.

334 2443 419 2507 unte
441 2435 479 2510 C.
500 2437 547 2512 N.
572 2441 634 2518 70.
692 2436 838 2531 Virgilii
857 2439 889 2509 1.

57 2603 125 2714 His
141 2656 233 2732 Coss,
263 2665 294 2715 et
314 2657 436 2734 quidem
457 2655 560 2720 Idibus
581 2657 777 2732 Octobribus,
805 2665 913 2718 netum
938 2670 999 2713 esse
1020 2653 1177 2734 Virgilium

58 2741 176 2802 indum
195 2742 236 2800 inl
262 2761 493 2806 enimomnes.
543 2745 741 2806 Consentiunt
763 2751 793 2800 et
812 2739 939 2815 iulius,
970 2739 1087 2815 Andes,
1116 2741 1178 2818 sgri

59 2827 206 2888 hmani
219 2827 333 2906 vicum,
356 2830 382 2888 ei
396 2831 496 2890 natale
507 2833 604 2892 solum
617 2831 717 2890 fuisse.
760 2829 802 2886 De
819 2836 907 2906 patre
920 2827 1043 2904 eiusque
1057 2826 1178 2884 nomine

60 2923 90 2972 ul
107 2914 194 2973 etde
215 2923 315 2973 matre
336 2917 433 2975 mults
456 2917 608 2998 ineptiunt
630 2913 831 2976 Grammatici.
878 2913 998 2973 Patrem
1022 2911 1179 2990 Virgilium

61 2997 219 3074 lironem
241 3009 373 3060 manem
386 3001 511 3082 Maium,
533 3004 621 3065 fuisse
635 3000 769 3061 dubitari
782 2999 896 3078 nequit.
932 2998 1047 3058 Nomen
1061 3007 1093 3058 et
1105 2997 1177 3058 Vir-

61 3085 135 3162 ulius
146 3097 177 3146 et
191 3086 341 3166 Vergilius
353 3087 504 3150 scribitur.
548 3089 608 3150 Sed
619 3088 776 3148 videamus
793 3085 830 3145 de
847 3084 978 3164 singulis.

135 3189 215 3248 Coss.
236 3187 380 3250 laudatos
397 3211 461 3251 non
477 3193 568 3253 modo
580 3190 828 3253 Pseudodonstus
842 3187 951 3247 diserte
963 3195 1125 3262 memorat,
1147 3193 1179 3245 et

63 3271 165 3334 nom
183 3294 214 3334 v.
232 3279 285 3340 20.
305 3280 359 3352 21,
395 3279 611 3338 verumetiam
630 3277 831 3356 Hieronymus
851 3274 884 3332 iu
908 3273 1047 3333 Chronic.
1071 3273 1178 3333 Euseb.

65 3357 389 3444 u151etp.40(sd.
411 3363 507 3446 1658)
533 3363 682 3444 Virgilius
704 3365 798 3422 Maro
822 3363 854 3418 in
873 3380 979 3440 pago,
1004 3361 1057 3439 qui
1076 3359 1179 3417 Andes
1227 3381 1229 3391 ¹

66 3443 177 3520 dicier,
205 3447 295 3506 based
310 3450 461 3525 procula
480 3453 636 3524 Manum,
672 3451 820 3522 nascitur,
849 3447 995 3524 Pompeio
1018 3457 1046 3501 et
1072 3445 1203 3502 Crasso

68 3527 136 3587 Con.
159 3531 197 3590 el.
212 3533 320 3612 Scslig.
335 3533 494 3596 Animadv.
506 3557 536 3616 p.
551 3537 613 3600 152
625 3533 655 3594 b.
699 3533 774 3592 Nem
788 3533 901 3590 Graeca
916 3527 1103 3610 respicienda
1118 3547 1182 3586 non

68 3625 140 3690 sunt,
167 3617 198 3676 in
212 3619 325 3697 quibus
344 3621 453 3698 1n259
474 3621 610 3700 sequenti
631 3639 710 3679 anno
736 3618 921 3697 adscriptum
941 3625 1000 3675 est:
1030 3615 1182 3696 Βιργίλιος

70 3696 204 3780 bunion·
226 3703 313 3782 quod
325 3705 407 3764 idem
427 3717 596 3784 sequuntur
609 3704 777 3764 chronicon
790 3701 930 3764 Pasohslo
948 3723 971 3762 s.
988 3700 1071 3759 Festi
1090 3698 1183 3758 Siculi

70 3803 122 3863 ms
137 3787 204 3852 184.
227 3791 260 3849 C.
281 3789 396 3850 ldatius
414 3791 510 3851 Fastis
525 3791 679 3852 Connilsr.
697 3811 723 3851 s.
740 3791 811 3856 685.
854 3787 946 3870 Apud
967 3785 1095 3846 eundem
1108 3785 1182 3844 llie-

71 3889 214 3950 myuum
225 3875 266 3934 ssl
280 3875 402 3956 olymp.
419 3881 488 3954 177,
511 3878 570 3942 sis
585 3897 681 3937 sunus
691 3887 773 3938 recte
785 3875 926 3936 refertur.
949 3871 1080 3952 Phlegon
1092 3869 1182 3931 Tral-

73 3953 152 4016 l'nuus
162 3959 195 4019 in
211 3961 441 4040 Olympicomm
458 3971 492 4022 et
506 3963 724 4024 chronicorum
743 3961 918 4022 collectione
939 3959 1021 4038 apud
1040 3957 1184 4018 Photium

74 4036 196 4104 Ellotis
206 4047 328 4122 xcvu,
348 4067 378 4128 p.
392 4051 465 4124 267,
479 4049 521 4114 25
541 4049 587 4110 ed.
600 4047 789 4128 Rothomag„
819 4045 922 4106 ubido
936 4045 1055 4125 Olymp.
1069 4047 1140 4118 177,
1162 4045 1182 4105 8

75 4125 116 4188 ul
135 4127 306 4214 Oisoyllsoc
329 4127 466 4216 Μάρων,
496 4132 516 4198 ό
537 4131 683 4216 ποιητής,
705 4125 861 4216 ἐγεννήθη
878 4126 990 4194 τούτου
1016 4133 1073 4194 τοῦ
1101 4128 1186 4202 ἔτους

76 4211 365 4298 εἶδαςὈκτωβρίαις.

145 4319 246 4379 hides
264 4319 468 4400 Hieronymus
485 4321 505 4382 l.
524 4321 545 4382 l.
565 4331 597 4381 et
617 4323 754 4381 Donatus
771 4317 878 4396 sliique
896 4325 1073 4378 memorant.
1116 4316 1186 4373 An-

78 4397 135 4459 ‘llm
153 4409 239 4479 vieo,
269 4405 372 4483 inquit
389 4405 524 4484 Probus,
548 4409 604 4489 qui
622 4406 704 4466 abest
727 4427 748 4464 a
761 4407 898 4464 Mantua
918 4405 1018 4464 millia
1034 4422 1186 4480 passuum

82 4485 132 4544 ΙΙΙ.
171 4491 253 4551 Situs
274 4489 368 4553 liuius
386 4491 445 4554 vici
474 4493 608 4556 incertus
631 4501 685 4552 est.
735 4489 892 4552 Mantuani
910 4498 1011 4548 tamen
1033 4505 1102 4546 eum
1124 4501 1187 4544 esse
