<?xml version="1.0" encoding="UTF-8"?>
<!DOCTYPE html PUBLIC "-//W3C//DTD XHTML 1.0 Transitional//EN"
    "http://www.w3.org/TR/xhtml1/DTD/xhtml1-transitional.dtd">
<html xmlns="http://www.w3.org/1999/xhtml" xml:lang="en" lang="en">
 <head>
  <title>
</title>
<meta http-equiv="Content-Type" content="text/html;charset=utf-8" />
  <meta name='ocr-system' content='tesseract 3.04.00' />
  <meta name='ocr-capabilities' content='ocr_page ocr_carea ocr_par ocr_line ocrx_word'/>
</head>
<body>
  <div class='ocr_page' id='page_1' title='image "./publiusvirgiliu00virggoog/publiusvirgiliu00virggoog_0794.png"; bbox 0 0 2758 4990; ppageno 0'>
   <div class='ocr_carea' id='block_1_1' title="bbox 245 327 1217 428">
    <p class='ocr_par' dir='ltr' id='par_1_1' title="bbox 245 327 1217 428">
     <span class='ocr_line' id='line_1_1' title="bbox 245 327 1217 428; baseline 0.011 -23"><span class='ocrx_word' id='word_1_1' title='bbox 245 327 606 408; x_wconf 85' lang='lat' dir='ltr'><strong>GEORGICON</strong></span> <span class='ocrx_word' id='word_1_2' title='bbox 631 331 737 409; x_wconf 88' lang='lat' dir='ltr'><strong>LIB.</strong></span> <span class='ocrx_word' id='word_1_3' title='bbox 756 333 823 428; x_wconf 89' lang='lat' dir='ltr'><strong>IV,</strong></span> <span class='ocrx_word' id='word_1_4' title='bbox 843 337 919 412; x_wconf 84' lang='grc'><strong>447</strong></span> <span class='ocrx_word' id='word_1_5' title='bbox 928 338 1062 415; x_wconf 84' lang='lat'>-454</span> <span class='ocrx_word' id='word_1_6' title='bbox 1142 345 1217 416; x_wconf 82' lang='grc'><strong>673</strong></span> 
     </span>
    </p>
   </div>
   <div class='ocr_carea' id='block_1_2' title="bbox 83 511 1249 1035">
    <p class='ocr_par' dir='ltr' id='par_1_2' title="bbox 83 511 1217 818">
     <span class='ocr_line' id='line_1_2' title="bbox 87 511 1217 621; baseline 0.009 -27"><span class='ocrx_word' id='word_1_7' title='bbox 87 521 265 594; x_wconf 85' lang='lat' dir='ltr'><strong>Tantum</strong></span> <span class='ocrx_word' id='word_1_8' title='bbox 276 511 429 594; x_wconf 87' lang='lat' dir='ltr'><strong>effatus.</strong></span> <span class='ocrx_word' id='word_1_9' title='bbox 456 513 518 590; x_wconf 87' lang='lat' dir='ltr'><strong>Ad</strong></span> <span class='ocrx_word' id='word_1_10' title='bbox 528 512 628 592; x_wconf 89' lang='lat' dir='ltr'><strong>haec</strong></span> <span class='ocrx_word' id='word_1_11' title='bbox 638 528 746 594; x_wconf 85' lang='lat' dir='ltr'><strong>vates</strong></span> <span class='ocrx_word' id='word_1_12' title='bbox 758 518 796 594; x_wconf 78' lang='lat' dir='ltr'><strong>vi</strong></span> <span class='ocrx_word' id='word_1_13' title='bbox 810 515 985 621; x_wconf 89' lang='lat' dir='ltr'><strong>denique</strong></span> <span class='ocrx_word' id='word_1_14' title='bbox 1000 520 1127 600; x_wconf 89' lang='lat' dir='ltr'><strong>multa</strong></span> <span class='ocrx_word' id='word_1_15' title='bbox 1141 529 1217 605; x_wconf 85' lang='grc'><strong>450</strong></span> 
     </span>
     <span class='ocr_line' id='line_1_3' title="bbox 84 618 944 719; baseline 0.003 -23"><span class='ocrx_word' id='word_1_16' title='bbox 84 618 274 696; x_wconf 88' lang='lat' dir='ltr'><strong>Ardentis</strong></span> <span class='ocrx_word' id='word_1_17' title='bbox 291 618 431 694; x_wconf 91' lang='lat' dir='ltr'><strong>oculos</strong></span> <span class='ocrx_word' id='word_1_18' title='bbox 445 619 602 694; x_wconf 79' lang='lat' dir='ltr'>intorsit</span> <span class='ocrx_word' id='word_1_19' title='bbox 615 619 768 697; x_wconf 89' lang='lat' dir='ltr'><strong>lumine</strong></span> <span class='ocrx_word' id='word_1_20' title='bbox 784 620 944 719; x_wconf 85' lang='lat' dir='ltr'><strong>glauco,</strong></span> 
     </span>
     <span class='ocr_line' id='line_1_4' title="bbox 83 718 1017 818; baseline 0.004 -19"><span class='ocrx_word' id='word_1_21' title='bbox 83 723 324 818; x_wconf 82' lang='lat' dir='ltr'><strong>Etgraviter</strong></span> <span class='ocrx_word' id='word_1_22' title='bbox 341 719 552 818; x_wconf 87' lang='lat' dir='ltr'><strong>frendens,</strong></span> <span class='ocrx_word' id='word_1_23' title='bbox 579 723 634 797; x_wconf 91' lang='lat' dir='ltr'><strong>sic</strong></span> <span class='ocrx_word' id='word_1_24' title='bbox 650 720 739 799; x_wconf 88' lang='lat' dir='ltr'><strong>fatis</strong></span> <span class='ocrx_word' id='word_1_25' title='bbox 756 748 825 800; x_wconf 88' lang='lat' dir='ltr'><strong>ora</strong></span> <span class='ocrx_word' id='word_1_26' title='bbox 834 718 1017 805; x_wconf 85' lang='lat' dir='ltr'><strong>resolvit:</strong></span> 
     </span>
    </p>

    <p class='ocr_par' dir='ltr' id='par_1_3' title="bbox 83 824 1249 1035">
     <span class='ocr_line' id='line_1_5' title="bbox 137 824 1249 918; baseline 0.004 -15"><span class='ocrx_word' id='word_1_27' title='bbox 137 831 231 903; x_wconf 89' lang='lat' dir='ltr'><strong>Non</strong></span> <span class='ocrx_word' id='word_1_28' title='bbox 245 838 286 900; x_wconf 85' lang='lat' dir='ltr'><strong>te</strong></span> <span class='ocrx_word' id='word_1_29' title='bbox 302 824 448 900; x_wconf 92' lang='lat' dir='ltr'><strong>nullius</strong></span> <span class='ocrx_word' id='word_1_30' title='bbox 465 839 650 902; x_wconf 75' lang='lat' dir='ltr'><strong>exercent</strong></span> <span class='ocrx_word' id='word_1_31' title='bbox 662 828 837 903; x_wconf 90' lang='lat' dir='ltr'><strong>numinis</strong></span> <span class='ocrx_word' id='word_1_32' title='bbox 852 829 944 906; x_wconf 89' lang='lat' dir='ltr'><strong>irae.</strong></span> <span class='ocrx_word' id='word_1_33' title='bbox 1245 903 1249 918; x_wconf 82' lang='grc'><em>,</em></span> 
     </span>
     <span class='ocr_line' id='line_1_6' title="bbox 83 927 1185 1035; baseline 0.005 -30"><span class='ocrx_word' id='word_1_34' title='bbox 83 933 228 1026; x_wconf 85' lang='lat' dir='ltr'><strong>Magna</strong></span> <span class='ocrx_word' id='word_1_35' title='bbox 247 927 322 1004; x_wconf 90' lang='lat' dir='ltr'><strong>luis</strong></span> <span class='ocrx_word' id='word_1_36' title='bbox 340 929 551 1006; x_wconf 86' lang='lat' dir='ltr'><strong>conmissa:</strong></span> <span class='ocrx_word' id='word_1_37' title='bbox 577 928 648 1005; x_wconf 92' lang='lat' dir='ltr'><strong>tibi</strong></span> <span class='ocrx_word' id='word_1_38' title='bbox 662 929 733 1007; x_wconf 86' lang='lat' dir='ltr'><strong>has</strong></span> <span class='ocrx_word' id='word_1_39' title='bbox 748 930 983 1008; x_wconf 89' lang='lat' dir='ltr'><strong>miserabilis</strong></span> <span class='ocrx_word' id='word_1_40' title='bbox 998 933 1185 1035; x_wconf 76' lang='lat' dir='ltr'><strong>Orpheus</strong></span> 
     </span>
    </p>
   </div>
   <div class='ocr_carea' id='block_1_3' title="bbox 139 1069 341 1163">
    <p class='ocr_par' dir='ltr' id='par_1_4' title="bbox 139 1069 341 1163">
     <span class='ocr_line' id='line_1_7' title="bbox 139 1069 341 1163; baseline -0.03 -18"><span class='ocrx_word' id='word_1_41' title='bbox 139 1069 225 1145; x_wconf 79' lang='lat'><strong>454.</strong></span> <span class='ocrx_word' id='word_1_42' title='bbox 252 1087 341 1163; x_wconf 71' lang='lat' dir='ltr'><strong>aas,</strong></span> 
     </span>
    </p>
   </div>
   <div class='ocr_carea' id='block_1_4' title="bbox 4 1267 1216 1824">
    <p class='ocr_par' dir='ltr' id='par_1_5' title="bbox 4 1267 1216 1824">
     <span class='ocr_line' id='line_1_8' title="bbox 120 1267 1216 1344; baseline 0.005 -20"><span class='ocrx_word' id='word_1_43' title='bbox 120 1267 174 1324; x_wconf 78' lang='lat'><strong>450</strong></span> <span class='ocrx_word' id='word_1_44' title='bbox 194 1269 316 1322; x_wconf 73' lang='lat' dir='ltr'><strong>Paridem</strong></span> <span class='ocrx_word' id='word_1_45' title='bbox 334 1273 403 1324; x_wconf 82' lang='lat' dir='ltr'><strong>Ven.</strong></span> <span class='ocrx_word' id='word_1_46' title='bbox 447 1274 556 1324; x_wconf 80' lang='lat' dir='ltr'><strong>Tantas</strong></span> <span class='ocrx_word' id='word_1_47' title='bbox 575 1273 613 1326; x_wconf 84' lang='lat' dir='ltr'><strong>ad</strong></span> <span class='ocrx_word' id='word_1_48' title='bbox 633 1273 686 1326; x_wconf 75' lang='lat' dir='ltr'><strong>Irae</strong></span> <span class='ocrx_word' id='word_1_49' title='bbox 699 1270 784 1344; x_wconf 77' lang='lat' dir='ltr'><strong>satus</strong></span> <span class='ocrx_word' id='word_1_50' title='bbox 801 1275 970 1344; x_wconf 76' lang='lat' dir='ltr'><strong>Langobard.</strong></span> <span class='ocrx_word' id='word_1_51' title='bbox 1005 1279 1045 1330; x_wconf 76' lang='lat' dir='ltr'><strong>Ae</strong></span> <span class='ocrx_word' id='word_1_52' title='bbox 1061 1276 1130 1329; x_wconf 80' lang='lat' dir='ltr'><strong>haec</strong></span> <span class='ocrx_word' id='word_1_53' title='bbox 1147 1277 1216 1331; x_wconf 87' lang='lat' dir='ltr'><strong>alter</strong></span> 
     </span>
     <span class='ocr_line' id='line_1_9' title="bbox 83 1339 1215 1415; baseline 0.007 -23"><span class='ocrx_word' id='word_1_54' title='bbox 83 1339 211 1392; x_wconf 82' lang='lat' dir='ltr'><strong>Rottend.</strong></span> <span class='ocrx_word' id='word_1_55' title='bbox 245 1339 375 1411; x_wconf 71' lang='lat' dir='ltr'><strong>Aesatus</strong></span> <span class='ocrx_word' id='word_1_56' title='bbox 395 1352 423 1392; x_wconf 81' lang='lat' dir='ltr'><strong>et</strong></span> <span class='ocrx_word' id='word_1_57' title='bbox 442 1341 619 1394; x_wconf 80' lang='lat' dir='ltr'><strong>baecMedic.</strong></span> <span class='ocrx_word' id='word_1_58' title='bbox 659 1343 828 1414; x_wconf 66' lang='lat' dir='ltr'><strong>(elfstanus</strong></span> <span class='ocrx_word' id='word_1_59' title='bbox 843 1347 911 1398; x_wconf 77' lang='lat' dir='ltr'><strong>haee</strong></span> <span class='ocrx_word' id='word_1_60' title='bbox 931 1345 1124 1415; x_wconf 79' lang='lat' dir='ltr'><strong>apudFoggin.</strong></span> <span class='ocrx_word' id='word_1_61' title='bbox 1138 1347 1215 1400; x_wconf 83' lang='lat' dir='ltr'><strong>inve-</strong></span> 
     </span>
     <span class='ocr_line' id='line_1_10' title="bbox 83 1408 1215 1488; baseline 0.009 -28"><span class='ocrx_word' id='word_1_62' title='bbox 83 1409 141 1462; x_wconf 90' lang='lat' dir='ltr'><strong>nio.</strong></span> <span class='ocrx_word' id='word_1_63' title='bbox 164 1408 235 1475; x_wconf 64' lang='grc' dir='ltr'><strong>Μ.)</strong></span> <span class='ocrx_word' id='word_1_64' title='bbox 271 1410 376 1479; x_wconf 79' lang='lat' dir='ltr'><strong>affatus</strong></span> <span class='ocrx_word' id='word_1_65' title='bbox 389 1409 469 1462; x_wconf 85' lang='lat' dir='ltr'><strong>Goth.</strong></span> <span class='ocrx_word' id='word_1_66' title='bbox 485 1429 525 1480; x_wconf 89' lang='lat' dir='ltr'><strong>pr.</strong></span> <span class='ocrx_word' id='word_1_67' title='bbox 561 1409 665 1480; x_wconf 80' lang='lat' dir='ltr'><strong>effatur</strong></span> <span class='ocrx_word' id='word_1_68' title='bbox 677 1411 737 1464; x_wconf 87' lang='lat' dir='ltr'><strong>edd.</strong></span> <span class='ocrx_word' id='word_1_69' title='bbox 754 1415 902 1468; x_wconf 76' lang='lat' dir='ltr'><strong>nonnullae.</strong></span> <span class='ocrx_word' id='word_1_70' title='bbox 937 1419 967 1468; x_wconf 77' lang='grc' dir='ltr'><strong>νί</strong></span> <span class='ocrx_word' id='word_1_71' title='bbox 980 1417 1048 1468; x_wconf 85' lang='lat' dir='ltr'><strong>deni</strong></span> <span class='ocrx_word' id='word_1_72' title='bbox 1066 1435 1215 1488; x_wconf 77' lang='lat' dir='ltr'><strong>uemogna</strong></span> 
     </span>
     <span class='ocr_line' id='line_1_11' title="bbox 81 1435 1215 1554; baseline 0.006 -24"><span class='ocrx_word' id='word_1_73' title='bbox 81 1479 141 1530; x_wconf 60' lang='grc' dir='ltr'><strong>ΕΗ.</strong></span> <span class='ocrx_word' id='word_1_74' title='bbox 210 1477 263 1533; x_wconf 79' lang='lat'><strong>452</strong></span> <span class='ocrx_word' id='word_1_75' title='bbox 281 1481 320 1530; x_wconf 80' lang='lat' dir='ltr'><strong>sic</strong></span> <span class='ocrx_word' id='word_1_76' title='bbox 340 1492 420 1532; x_wconf 79' lang='lat' dir='ltr'><strong>vates</strong></span> <span class='ocrx_word' id='word_1_77' title='bbox 439 1481 494 1533; x_wconf 72' lang='lat' dir='ltr'><strong>arf.</strong></span> <span class='ocrx_word' id='word_1_78' title='bbox 564 1482 617 1535; x_wconf 83' lang='lat'><strong>453</strong></span> <span class='ocrx_word' id='word_1_79' title='bbox 638 1482 748 1534; x_wconf 80' lang='lat' dir='ltr'><strong>Multae</strong></span> <span class='ocrx_word' id='word_1_80' title='bbox 768 1485 875 1536; x_wconf 81' lang='lat' dir='ltr'><strong>nullius</strong></span> <span class='ocrx_word' id='word_1_81' title='bbox 889 1494 951 1536; x_wconf 84' lang='lat' dir='ltr'><strong>tert.</strong></span> <span class='ocrx_word' id='word_1_82' title='bbox 964 1435 1073 1536; x_wconf 66' lang='lat' dir='ltr'><strong>nantel.</strong></span> <span class='ocrx_word' id='word_1_83' title='bbox 1092 1505 1107 1536; x_wconf 89' lang='lat' dir='ltr'><strong>a</strong></span> <span class='ocrx_word' id='word_1_84' title='bbox 1120 1503 1215 1554; x_wconf 90' lang='lat' dir='ltr'><strong>m.pr.,</strong></span> 
     </span>
     <span class='ocr_line' id='line_1_12' title="bbox 4 1547 1216 1624; baseline 0.007 -24"><span class='ocrx_word' id='word_1_85' title='bbox 4 1575 7 1580; x_wconf 91' lang='lat'>·</span> <span class='ocrx_word' id='word_1_86' title='bbox 83 1559 113 1600; x_wconf 84' lang='lat' dir='ltr'><strong>et</strong></span> <span class='ocrx_word' id='word_1_87' title='bbox 128 1557 262 1599; x_wconf 85' lang='lat' dir='ltr'><strong>correctus</strong></span> <span class='ocrx_word' id='word_1_88' title='bbox 279 1547 307 1598; x_wconf 87' lang='lat' dir='ltr'><strong>in</strong></span> <span class='ocrx_word' id='word_1_89' title='bbox 327 1551 419 1612; x_wconf 65' lang='lat' dir='ltr'><strong>Mum</strong></span> <span class='ocrx_word' id='word_1_90' title='bbox 445 1549 508 1601; x_wconf 83' lang='lat' dir='ltr'><strong>item</strong></span> <span class='ocrx_word' id='word_1_91' title='bbox 528 1549 555 1600; x_wconf 91' lang='lat' dir='ltr'><strong>in</strong></span> <span class='ocrx_word' id='word_1_92' title='bbox 576 1549 676 1619; x_wconf 76' lang='lat' dir='ltr'><strong>Regio,</strong></span> <span class='ocrx_word' id='word_1_93' title='bbox 701 1569 775 1602; x_wconf 79' lang='lat' dir='ltr'><strong>erasa</strong></span> <span class='ocrx_word' id='word_1_94' title='bbox 797 1552 922 1606; x_wconf 85' lang='lat' dir='ltr'><strong>litteral.</strong></span> <span class='ocrx_word' id='word_1_95' title='bbox 947 1555 1010 1624; x_wconf 66' lang='lat' dir='ltr'><strong>(vix</strong></span> <span class='ocrx_word' id='word_1_96' title='bbox 1026 1553 1134 1618; x_wconf 87' lang='lat' dir='ltr'><strong>dubito,</strong></span> <span class='ocrx_word' id='word_1_97' title='bbox 1153 1556 1216 1623; x_wconf 90' lang='lat' dir='ltr'><strong>quin</strong></span> 
     </span>
     <span class='ocr_line' id='line_1_13' title="bbox 82 1617 1215 1692; baseline 0.004 -23"><span class='ocrx_word' id='word_1_98' title='bbox 82 1617 178 1669; x_wconf 84' lang='lat' dir='ltr'><strong>vitium</strong></span> <span class='ocrx_word' id='word_1_99' title='bbox 189 1617 337 1670; x_wconf 84' lang='lat' dir='ltr'><strong>hieversos</strong></span> <span class='ocrx_word' id='word_1_100' title='bbox 351 1619 527 1681; x_wconf 69' lang='lat' dir='ltr'><strong>contraxerit,</strong></span> <span class='ocrx_word' id='word_1_101' title='bbox 551 1619 604 1672; x_wconf 82' lang='lat' dir='ltr'><strong>vid.</strong></span> <span class='ocrx_word' id='word_1_102' title='bbox 620 1623 652 1684; x_wconf 90' lang='lat' dir='ltr'><strong>Q.</strong></span> <span class='ocrx_word' id='word_1_103' title='bbox 666 1621 699 1672; x_wconf 84' lang='lat' dir='ltr'><strong>V.</strong></span> <span class='ocrx_word' id='word_1_104' title='bbox 714 1621 776 1682; x_wconf 87' lang='lat' dir='ltr'>XII,</span> <span class='ocrx_word' id='word_1_105' title='bbox 796 1624 838 1677; x_wconf 87' lang='grc'><strong>13.</strong></span> <span class='ocrx_word' id='word_1_106' title='bbox 859 1623 932 1692; x_wconf 68' lang='lat' dir='ltr'><strong>Wr.)</strong></span> <span class='ocrx_word' id='word_1_107' title='bbox 1008 1622 1062 1677; x_wconf 82' lang='grc'><strong>454</strong></span> <span class='ocrx_word' id='word_1_108' title='bbox 1081 1624 1215 1676; x_wconf 77' lang='lat' dir='ltr'><strong>lucrante</strong></span> 
     </span>
     <span class='ocr_line' id='line_1_14' title="bbox 82 1687 1216 1756; baseline 0.008 -19"><span class='ocrx_word' id='word_1_109' title='bbox 82 1687 192 1750; x_wconf 68' lang='lat' dir='ltr'><strong>Heius,</strong></span> <span class='ocrx_word' id='word_1_110' title='bbox 215 1696 246 1737; x_wconf 84' lang='lat' dir='ltr'><strong>at</strong></span> <span class='ocrx_word' id='word_1_111' title='bbox 262 1702 323 1756; x_wconf 83' lang='lat' dir='ltr'><strong>pera</strong></span> <span class='ocrx_word' id='word_1_112' title='bbox 343 1687 471 1740; x_wconf 85' lang='lat' dir='ltr'><strong>librorum</strong></span> <span class='ocrx_word' id='word_1_113' title='bbox 493 1687 591 1752; x_wconf 80' lang='lat' dir='ltr'><strong>habet,</strong></span> <span class='ocrx_word' id='word_1_114' title='bbox 621 1699 650 1740; x_wconf 85' lang='lat' dir='ltr'><strong>et</strong></span> <span class='ocrx_word' id='word_1_115' title='bbox 668 1687 737 1740; x_wconf 85' lang='lat' dir='ltr'><strong>inter</strong></span> <span class='ocrx_word' id='word_1_116' title='bbox 755 1690 806 1744; x_wconf 87' lang='lat' dir='ltr'><strong>hos</strong></span> <span class='ocrx_word' id='word_1_117' title='bbox 824 1693 962 1746; x_wconf 79' lang='lat' dir='ltr'><strong>Romanus.</strong></span> <span class='ocrx_word' id='word_1_118' title='bbox 1004 1695 1145 1746; x_wconf 74' lang='lat' dir='ltr'><strong>conanime</strong></span> <span class='ocrx_word' id='word_1_119' title='bbox 1166 1692 1216 1746; x_wconf 80' lang='lat' dir='ltr'><strong>tibi</strong></span> 
     </span>
     <span class='ocr_line' id='line_1_15' title="bbox 82 1756 866 1824; baseline 0.003 -15"><span class='ocrx_word' id='word_1_120' title='bbox 82 1756 152 1810; x_wconf 87' lang='lat' dir='ltr'><strong>alios</strong></span> <span class='ocrx_word' id='word_1_121' title='bbox 166 1756 290 1824; x_wconf 83' lang='lat' dir='ltr'><strong>iungere,</strong></span> <span class='ocrx_word' id='word_1_122' title='bbox 307 1757 411 1810; x_wconf 80' lang='lat' dir='ltr'><strong>Servius</strong></span> <span class='ocrx_word' id='word_1_123' title='bbox 423 1767 507 1810; x_wconf 83' lang='lat' dir='ltr'><strong>notat.</strong></span> <span class='ocrx_word' id='word_1_124' title='bbox 862 1763 866 1776; x_wconf 91' lang='lat'>&#39;</span> 
     </span>
    </p>
   </div>
   <div class='ocr_carea' id='block_1_5' title="bbox 80 1929 1238 4494">
    <p class='ocr_par' dir='ltr' id='par_1_6' title="bbox 81 1929 1215 2183">
     <span class='ocr_line' id='line_1_16' title="bbox 84 1929 1215 2011; baseline 0.004 -21"><span class='ocrx_word' id='word_1_125' title='bbox 84 1931 275 1990; x_wconf 88' lang='lat' dir='ltr'><strong>diumsortis</strong></span> <span class='ocrx_word' id='word_1_126' title='bbox 289 1929 355 1990; x_wconf 84' lang='lat' dir='ltr'><strong>vice</strong></span> <span class='ocrx_word' id='word_1_127' title='bbox 379 1931 510 2008; x_wconf 87' lang='lat' dir='ltr'><strong>editum,</strong></span> <span class='ocrx_word' id='word_1_128' title='bbox 532 1933 629 2011; x_wconf 77' lang='lat' dir='ltr'><strong>lapsis</strong></span> <span class='ocrx_word' id='word_1_129' title='bbox 671 1931 770 2011; x_wconf 85' lang='lat' dir='ltr'><strong>iugem</strong></span> <span class='ocrx_word' id='word_1_130' title='bbox 792 1951 831 1991; x_wconf 83' lang='lat' dir='ltr'><strong>ex</strong></span> <span class='ocrx_word' id='word_1_131' title='bbox 850 1932 962 1992; x_wconf 81' lang='lat' dir='ltr'><strong>inseris.</strong></span> <span class='ocrx_word' id='word_1_132' title='bbox 1006 1935 1080 1994; x_wconf 84' lang='lat' dir='ltr'><strong>Non</strong></span> <span class='ocrx_word' id='word_1_133' title='bbox 1100 1935 1215 1994; x_wconf 67' lang='lat' dir='ltr'><strong>nullate</strong></span> 
     </span>
     <span class='ocr_line' id='line_1_17' title="bbox 81 2016 1213 2098; baseline 0.004 -22"><span class='ocrx_word' id='word_1_134' title='bbox 81 2016 188 2090; x_wconf 81' lang='lat' dir='ltr'><strong>rebus,</strong></span> <span class='ocrx_word' id='word_1_135' title='bbox 219 2017 378 2076; x_wconf 76' lang='lat' dir='ltr'><strong>calamitati</strong></span> <span class='ocrx_word' id='word_1_136' title='bbox 405 2037 446 2077; x_wconf 79' lang='lat' dir='ltr'><strong>ex</strong></span> <span class='ocrx_word' id='word_1_137' title='bbox 468 2039 558 2098; x_wconf 89' lang='lat' dir='ltr'><strong>apum</strong></span> <span class='ocrx_word' id='word_1_138' title='bbox 579 2017 628 2078; x_wconf 88' lang='lat' dir='ltr'><strong>in·</strong></span> <span class='ocrx_word' id='word_1_139' title='bbox 670 2021 824 2092; x_wconf 69' lang='lat' dir='ltr'><strong>numicis,</strong></span> <span class='ocrx_word' id='word_1_140' title='bbox 855 2017 885 2078; x_wconf 87' lang='lat' dir='ltr'><strong>h.</strong></span> <span class='ocrx_word' id='word_1_141' title='bbox 907 2039 969 2078; x_wconf 91' lang='lat' dir='ltr'><strong>non</strong></span> <span class='ocrx_word' id='word_1_142' title='bbox 994 2019 1131 2096; x_wconf 77' lang='lat' dir='ltr'><strong>humilia,</strong></span> <span class='ocrx_word' id='word_1_143' title='bbox 1160 2021 1213 2080; x_wconf 88' lang='lat' dir='ltr'><strong>sed</strong></span> 
     </span>
     <span class='ocr_line' id='line_1_18' title="bbox 81 2101 1214 2183; baseline 0.004 -21"><span class='ocrx_word' id='word_1_144' title='bbox 81 2101 265 2162; x_wconf 87' lang='lat' dir='ltr'><strong>ternecione.</strong></span> <span class='ocrx_word' id='word_1_145' title='bbox 670 2104 785 2182; x_wconf 88' lang='lat' dir='ltr'><strong>magni,</strong></span> <span class='ocrx_word' id='word_1_146' title='bbox 807 2103 906 2183; x_wconf 83' lang='lat' dir='ltr'><strong>inquit</strong></span> <span class='ocrx_word' id='word_1_147' title='bbox 925 2105 1063 2180; x_wconf 86' lang='lat' dir='ltr'><strong>Servius,</strong></span> <span class='ocrx_word' id='word_1_148' title='bbox 1092 2116 1214 2166; x_wconf 88' lang='lat' dir='ltr'><strong>etanta</strong></span> 
     </span>
    </p>

    <p class='ocr_par' dir='ltr' id='par_1_7' title="bbox 80 2187 1238 3638">
     <span class='ocr_line' id='line_1_19' title="bbox 128 2187 1213 2271; baseline 0.002 -21"><span class='ocrx_word' id='word_1_149' title='bbox 128 2187 200 2253; x_wconf 80' lang='lat'><strong>452.</strong></span> <span class='ocrx_word' id='word_1_150' title='bbox 229 2209 282 2246; x_wconf 83' lang='lat' dir='ltr'><strong>oro</strong></span> <span class='ocrx_word' id='word_1_151' title='bbox 310 2189 429 2247; x_wconf 78' lang='lat' dir='ltr'><strong>resolvit</strong></span> <span class='ocrx_word' id='word_1_152' title='bbox 447 2189 550 2268; x_wconf 82' lang='lat' dir='ltr'><strong>satis,</strong></span> <span class='ocrx_word' id='word_1_153' title='bbox 588 2187 628 2247; x_wconf 87' lang='lat' dir='ltr'><strong>ad</strong></span> <span class='ocrx_word' id='word_1_154' title='bbox 669 2207 738 2249; x_wconf 88' lang='lat' dir='ltr'><strong>eum</strong></span> <span class='ocrx_word' id='word_1_155' title='bbox 756 2189 865 2268; x_wconf 81' lang='lat' dir='ltr'><strong>Asper,</strong></span> <span class='ocrx_word' id='word_1_156' title='bbox 902 2199 939 2250; x_wconf 88' lang='lat' dir='ltr'><strong>ut</strong></span> <span class='ocrx_word' id='word_1_157' title='bbox 960 2211 1000 2250; x_wconf 85' lang='lat' dir='ltr'><strong>ex</strong></span> <span class='ocrx_word' id='word_1_158' title='bbox 1028 2191 1213 2271; x_wconf 86' lang='lat' dir='ltr'><strong>Philargyrio</strong></span> 
     </span>
     <span class='ocr_line' id='line_1_20' title="bbox 81 2272 1213 2356; baseline 0.003 -22"><span class='ocrx_word' id='word_1_159' title='bbox 81 2272 201 2334; x_wconf 86' lang='lat' dir='ltr'><strong>edenda</strong></span> <span class='ocrx_word' id='word_1_160' title='bbox 215 2274 286 2332; x_wconf 85' lang='lat' dir='ltr'><strong>sate.</strong></span> <span class='ocrx_word' id='word_1_161' title='bbox 308 2275 447 2333; x_wconf 85' lang='lat' dir='ltr'><strong>Ceterum</strong></span> <span class='ocrx_word' id='word_1_162' title='bbox 457 2274 539 2352; x_wconf 91' lang='lat' dir='ltr'><strong>quod</strong></span> <span class='ocrx_word' id='word_1_163' title='bbox 553 2294 627 2333; x_wconf 89' lang='lat' dir='ltr'><strong>ocu-</strong></span> <span class='ocrx_word' id='word_1_164' title='bbox 668 2283 768 2354; x_wconf 85' lang='lat' dir='ltr'><strong>patet,</strong></span> <span class='ocrx_word' id='word_1_165' title='bbox 795 2284 826 2333; x_wconf 84' lang='lat' dir='ltr'><strong>et</strong></span> <span class='ocrx_word' id='word_1_166' title='bbox 852 2273 1034 2353; x_wconf 84' lang='lat' dir='ltr'><strong>Tisiphonen</strong></span> <span class='ocrx_word' id='word_1_167' title='bbox 1060 2278 1213 2356; x_wconf 73' lang='lat' dir='ltr'><strong>intelligit,</strong></span> 
     </span>
     <span class='ocr_line' id='line_1_21' title="bbox 81 2358 1212 2437; baseline 0.001 -20"><span class='ocrx_word' id='word_1_168' title='bbox 81 2361 130 2417; x_wconf 88' lang='lat' dir='ltr'><strong>los</strong></span> <span class='ocrx_word' id='word_1_169' title='bbox 148 2359 267 2437; x_wconf 87' lang='lat' dir='ltr'><strong>glaucos</strong></span> <span class='ocrx_word' id='word_1_170' title='bbox 293 2359 432 2418; x_wconf 82' lang='lat' dir='ltr'><strong>ardentes</strong></span> <span class='ocrx_word' id='word_1_171' title='bbox 450 2367 575 2436; x_wconf 84' lang='lat' dir='ltr'><strong>torquet</strong></span> <span class='ocrx_word' id='word_1_172' title='bbox 597 2368 628 2417; x_wconf 89' lang='lat' dir='ltr'><strong>et</strong></span> <span class='ocrx_word' id='word_1_173' title='bbox 670 2381 739 2419; x_wconf 85' lang='lat' dir='ltr'><strong>narn</strong></span> <span class='ocrx_word' id='word_1_174' title='bbox 755 2358 890 2418; x_wconf 80' lang='lat' dir='ltr'><strong>scholion</strong></span> <span class='ocrx_word' id='word_1_175' title='bbox 911 2379 1015 2419; x_wconf 82' lang='lat' dir='ltr'><strong>versus</strong></span> <span class='ocrx_word' id='word_1_176' title='bbox 1036 2364 1098 2426; x_wconf 77' lang='lat'><strong>453</strong></span> <span class='ocrx_word' id='word_1_177' title='bbox 1111 2371 1212 2421; x_wconf 85' lang='lat' dir='ltr'><strong>retra-</strong></span> 
     </span>
     <span class='ocr_line' id='line_1_22' title="bbox 82 2443 1212 2526; baseline 0.001 -22"><span class='ocrx_word' id='word_1_178' title='bbox 82 2464 138 2504; x_wconf 90' lang='lat' dir='ltr'><strong>ore</strong></span> <span class='ocrx_word' id='word_1_179' title='bbox 150 2445 284 2526; x_wconf 81' lang='lat' dir='ltr'><strong>frendet:</strong></span> <span class='ocrx_word' id='word_1_180' title='bbox 314 2465 376 2502; x_wconf 91' lang='lat' dir='ltr'><strong>non</strong></span> <span class='ocrx_word' id='word_1_181' title='bbox 393 2443 628 2522; x_wconf 83' lang='lat' dir='ltr'><strong>adindignatio-</strong></span> <span class='ocrx_word' id='word_1_182' title='bbox 668 2443 804 2503; x_wconf 80' lang='lat' dir='ltr'><strong>bendum</strong></span> <span class='ocrx_word' id='word_1_183' title='bbox 825 2455 891 2504; x_wconf 89' lang='lat' dir='ltr'><strong>erat</strong></span> <span class='ocrx_word' id='word_1_184' title='bbox 911 2445 950 2502; x_wconf 88' lang='lat' dir='ltr'><strong>ad</strong></span> <span class='ocrx_word' id='word_1_185' title='bbox 974 2445 1005 2504; x_wconf 91' lang='lat' dir='ltr'><strong>h.</strong></span> <span class='ocrx_word' id='word_1_186' title='bbox 1032 2467 1062 2506; x_wconf 85' lang='lat' dir='ltr'><strong>v.</strong></span> <span class='ocrx_word' id='word_1_187' title='bbox 1105 2447 1145 2504; x_wconf 82' lang='lat' dir='ltr'><strong>At</strong></span> <span class='ocrx_word' id='word_1_188' title='bbox 1166 2456 1212 2506; x_wconf 84' lang='lat' dir='ltr'><strong>est</strong></span> 
     </span>
     <span class='ocr_line' id='line_1_23' title="bbox 81 2528 1217 2609; baseline 0.001 -20"><span class='ocrx_word' id='word_1_189' title='bbox 81 2549 168 2605; x_wconf 74' lang='lat' dir='ltr'><strong>rtem,</strong></span> <span class='ocrx_word' id='word_1_190' title='bbox 191 2529 244 2588; x_wconf 85' lang='lat' dir='ltr'><strong>sed</strong></span> <span class='ocrx_word' id='word_1_191' title='bbox 256 2529 295 2588; x_wconf 87' lang='lat' dir='ltr'><strong>ad</strong></span> <span class='ocrx_word' id='word_1_192' title='bbox 308 2529 443 2588; x_wconf 85' lang='lat' dir='ltr'><strong>furorem</strong></span> <span class='ocrx_word' id='word_1_193' title='bbox 457 2529 627 2588; x_wconf 84' lang='lat' dir='ltr'><strong>vaticinan-</strong></span> <span class='ocrx_word' id='word_1_194' title='bbox 669 2528 729 2588; x_wconf 89' lang='lat' dir='ltr'><strong>hoc</strong></span> <span class='ocrx_word' id='word_1_195' title='bbox 744 2549 759 2588; x_wconf 88' lang='lat' dir='ltr'><strong>e</strong></span> <span class='ocrx_word' id='word_1_196' title='bbox 771 2530 965 2588; x_wconf 88' lang='lat' dir='ltr'><strong>Grammatici</strong></span> <span class='ocrx_word' id='word_1_197' title='bbox 975 2531 1107 2609; x_wconf 86' lang='lat' dir='ltr'><strong>argutiis.</strong></span> <span class='ocrx_word' id='word_1_198' title='bbox 1126 2532 1217 2606; x_wconf 82' lang='lat' dir='ltr'><strong>Quae¹</strong></span> 
     </span>
     <span class='ocr_line' id='line_1_24' title="bbox 82 2613 1211 2694; baseline 0 -19"><span class='ocrx_word' id='word_1_199' title='bbox 82 2617 124 2675; x_wconf 89' lang='lat' dir='ltr'><strong>tis</strong></span> <span class='ocrx_word' id='word_1_200' title='bbox 135 2616 276 2694; x_wconf 88' lang='lat' dir='ltr'><strong>pertinet.</strong></span> <span class='ocrx_word' id='word_1_201' title='bbox 296 2615 333 2674; x_wconf 89' lang='lat' dir='ltr'><strong>cf.</strong></span> <span class='ocrx_word' id='word_1_202' title='bbox 347 2615 387 2674; x_wconf 88' lang='lat' dir='ltr'><strong>ad</strong></span> <span class='ocrx_word' id='word_1_203' title='bbox 396 2635 425 2674; x_wconf 85' lang='lat' dir='ltr'><strong>v.</strong></span> <span class='ocrx_word' id='word_1_204' title='bbox 436 2613 507 2679; x_wconf 81' lang='lat'><strong>400.</strong></span> <span class='ocrx_word' id='word_1_205' title='bbox 530 2617 627 2694; x_wconf 88' lang='lat' dir='ltr'><strong>Spen-</strong></span> <span class='ocrx_word' id='word_1_206' title='bbox 670 2635 708 2673; x_wconf 88' lang='lat' dir='ltr'><strong>ex</strong></span> <span class='ocrx_word' id='word_1_207' title='bbox 727 2615 871 2674; x_wconf 87' lang='lat' dir='ltr'><strong>sermonis</strong></span> <span class='ocrx_word' id='word_1_208' title='bbox 893 2617 979 2694; x_wconf 86' lang='lat' dir='ltr'><strong>genie</strong></span> <span class='ocrx_word' id='word_1_209' title='bbox 996 2625 1025 2674; x_wconf 84' lang='lat' dir='ltr'><strong>et</strong></span> <span class='ocrx_word' id='word_1_210' title='bbox 1040 2636 1098 2676; x_wconf 89' lang='lat' dir='ltr'><strong>usu</strong></span> <span class='ocrx_word' id='word_1_211' title='bbox 1117 2637 1149 2674; x_wconf 86' lang='lat' dir='ltr'><strong>se</strong></span> <span class='ocrx_word' id='word_1_212' title='bbox 1163 2618 1211 2675; x_wconf 84' lang='lat' dir='ltr'><strong>ol-</strong></span> 
     </span>
     <span class='ocr_line' id='line_1_25' title="bbox 81 2699 1212 2780; baseline 0.001 -19"><span class='ocrx_word' id='word_1_213' title='bbox 81 2702 148 2761; x_wconf 87' lang='lat' dir='ltr'><strong>cius</strong></span> <span class='ocrx_word' id='word_1_214' title='bbox 163 2701 306 2780; x_wconf 87' lang='lat' dir='ltr'><strong>Polymet.</strong></span> <span class='ocrx_word' id='word_1_215' title='bbox 328 2721 358 2780; x_wconf 94' lang='lat' dir='ltr'><strong>p.</strong></span> <span class='ocrx_word' id='word_1_216' title='bbox 379 2705 444 2766; x_wconf 77' lang='lat'><strong>222</strong></span> <span class='ocrx_word' id='word_1_217' title='bbox 463 2710 494 2760; x_wconf 87' lang='lat' dir='ltr'><strong>et</strong></span> <span class='ocrx_word' id='word_1_218' title='bbox 514 2699 574 2759; x_wconf 91' lang='lat' dir='ltr'><strong>hoc</strong></span> <span class='ocrx_word' id='word_1_219' title='bbox 588 2720 627 2759; x_wconf 82' lang='lat' dir='ltr'><strong>ex</strong></span> <span class='ocrx_word' id='word_1_220' title='bbox 669 2701 728 2760; x_wconf 72' lang='lat' dir='ltr'><strong>sen</strong></span> <span class='ocrx_word' id='word_1_221' title='bbox 746 2701 838 2775; x_wconf 86' lang='lat' dir='ltr'><strong>ratio,</strong></span> <span class='ocrx_word' id='word_1_222' title='bbox 862 2709 921 2776; x_wconf 89' lang='lat' dir='ltr'><strong>est,</strong></span> <span class='ocrx_word' id='word_1_223' title='bbox 943 2709 978 2760; x_wconf 90' lang='lat' dir='ltr'><strong>ut</strong></span> <span class='ocrx_word' id='word_1_224' title='bbox 999 2702 1053 2760; x_wconf 78' lang='lat' dir='ltr'><strong>ait:</strong></span> <span class='ocrx_word' id='word_1_225' title='bbox 1074 2703 1212 2780; x_wconf 85' lang='lat' dir='ltr'><strong>profecto</strong></span> 
     </span>
     <span class='ocr_line' id='line_1_26' title="bbox 81 2785 1212 2866; baseline 0 -20"><span class='ocrx_word' id='word_1_226' title='bbox 81 2785 210 2864; x_wconf 82' lang='lat' dir='ltr'><strong>antiqua</strong></span> <span class='ocrx_word' id='word_1_227' title='bbox 224 2786 537 2866; x_wconf 81' lang='lat' dir='ltr'><strong>picturetranalatum</strong></span> <span class='ocrx_word' id='word_1_228' title='bbox 551 2807 626 2846; x_wconf 90' lang='lat' dir='ltr'><strong>con·</strong></span> <span class='ocrx_word' id='word_1_229' title='bbox 669 2787 793 2846; x_wconf 85' lang='lat' dir='ltr'><strong>alieuius</strong></span> <span class='ocrx_word' id='word_1_230' title='bbox 814 2786 876 2862; x_wconf 89' lang='lat' dir='ltr'><strong>dei,</strong></span> <span class='ocrx_word' id='word_1_231' title='bbox 898 2785 1107 2866; x_wconf 82' lang='lat' dir='ltr'><strong>Nympharum</strong></span> <span class='ocrx_word' id='word_1_232' title='bbox 1131 2788 1212 2848; x_wconf 88' lang='lat' dir='ltr'><strong>scili-</strong></span> 
     </span>
     <span class='ocr_line' id='line_1_27' title="bbox 80 2871 1212 2952; baseline 0.001 -20"><span class='ocrx_word' id='word_1_233' title='bbox 80 2871 216 2932; x_wconf 87' lang='lat' dir='ltr'><strong>iiciehat:</strong></span> <span class='ocrx_word' id='word_1_234' title='bbox 247 2873 332 2950; x_wconf 89' lang='lat' dir='ltr'><strong>quasi</strong></span> <span class='ocrx_word' id='word_1_235' title='bbox 345 2892 419 2932; x_wconf 83' lang='lat' dir='ltr'><strong>vero</strong></span> <span class='ocrx_word' id='word_1_236' title='bbox 432 2881 522 2952; x_wconf 88' lang='lat' dir='ltr'><strong>poeta</strong></span> <span class='ocrx_word' id='word_1_237' title='bbox 542 2871 625 2947; x_wconf 91' lang='lat' dir='ltr'><strong>nihil,</strong></span> <span class='ocrx_word' id='word_1_238' title='bbox 669 2881 725 2947; x_wconf 84' lang='lat' dir='ltr'><strong>cet,</strong></span> <span class='ocrx_word' id='word_1_239' title='bbox 746 2871 817 2932; x_wconf 86' lang='lat' dir='ltr'><strong>vide</strong></span> <span class='ocrx_word' id='word_1_240' title='bbox 831 2892 860 2932; x_wconf 88' lang='lat' dir='ltr'><strong>v.</strong></span> <span class='ocrx_word' id='word_1_241' title='bbox 879 2873 942 2938; x_wconf 84' lang='grc'><strong>532</strong></span> <span class='ocrx_word' id='word_1_242' title='bbox 966 2871 1012 2951; x_wconf 86' lang='lat' dir='ltr'><strong>(at</strong></span> <span class='ocrx_word' id='word_1_243' title='bbox 1028 2873 1212 2934; x_wconf 85' lang='lat' dir='ltr'><strong>Ouwensad</strong></span> 
     </span>
     <span class='ocr_line' id='line_1_28' title="bbox 81 2957 1238 3038; baseline 0.001 -21"><span class='ocrx_word' id='word_1_244' title='bbox 81 2957 167 3038; x_wconf 90' lang='lat' dir='ltr'><strong>quod</strong></span> <span class='ocrx_word' id='word_1_245' title='bbox 181 2959 262 3016; x_wconf 82' lang='lat' dir='ltr'><strong>sorte</strong></span> <span class='ocrx_word' id='word_1_246' title='bbox 274 2958 355 3037; x_wconf 80' lang='lat' dir='ltr'><strong>pingi</strong></span> <span class='ocrx_word' id='word_1_247' title='bbox 368 2967 480 3038; x_wconf 88' lang='lat' dir='ltr'><strong>potest,</strong></span> <span class='ocrx_word' id='word_1_248' title='bbox 501 2976 626 3018; x_wconf 80' lang='lat' dir='ltr'><strong>narrare</strong></span> <span class='ocrx_word' id='word_1_249' title='bbox 668 2957 852 3038; x_wconf 74' lang='lat' dir='ltr'><strong>Tisiphonen</strong></span> <span class='ocrx_word' id='word_1_250' title='bbox 884 2959 1002 3019; x_wconf 73' lang='lat' dir='ltr'><strong>mavmt</strong></span> <span class='ocrx_word' id='word_1_251' title='bbox 1031 2957 1152 3019; x_wconf 85' lang='lat' dir='ltr'><strong>trahere</strong></span> <span class='ocrx_word' id='word_1_252' title='bbox 1176 2959 1238 3019; x_wconf 80' lang='lat' dir='ltr'><strong>N.-</strong></span> 
     </span>
     <span class='ocr_line' id='line_1_29' title="bbox 80 3041 1208 3126; baseline 0.002 -24"><span class='ocrx_word' id='word_1_253' title='bbox 80 3043 194 3125; x_wconf 80' lang='lat' dir='ltr'><strong>possit,</strong></span> <span class='ocrx_word' id='word_1_254' title='bbox 216 3042 273 3102; x_wconf 89' lang='lat' dir='ltr'><strong>nisi</strong></span> <span class='ocrx_word' id='word_1_255' title='bbox 293 3044 441 3122; x_wconf 87' lang='lat' dir='ltr'><strong>epictura</strong></span> <span class='ocrx_word' id='word_1_256' title='bbox 454 3043 553 3122; x_wconf 88' lang='lat' dir='ltr'><strong>aliqua</strong></span> <span class='ocrx_word' id='word_1_257' title='bbox 569 3043 625 3101; x_wconf 88' lang='lat' dir='ltr'><strong>ad·</strong></span> <span class='ocrx_word' id='word_1_258' title='bbox 668 3044 743 3123; x_wconf 80' lang='lat' dir='ltr'><strong>Hag.</strong></span> <span class='ocrx_word' id='word_1_259' title='bbox 763 3064 828 3124; x_wconf 85' lang='lat' dir='ltr'><strong>pag.</strong></span> <span class='ocrx_word' id='word_1_260' title='bbox 849 3041 949 3126; x_wconf 85' lang='lat'><strong>611),</strong></span> <span class='ocrx_word' id='word_1_261' title='bbox 977 3048 1041 3104; x_wconf 76' lang='lat' dir='ltr'><strong>iane</strong></span> <span class='ocrx_word' id='word_1_262' title='bbox 1064 3058 1208 3120; x_wconf 80' lang='lat' dir='ltr'><strong>exercent,</strong></span> 
     </span>
     <span class='ocr_line' id='line_1_30' title="bbox 80 3128 1212 3209; baseline -0.001 -19"><span class='ocrx_word' id='word_1_263' title='bbox 80 3129 272 3190; x_wconf 82' lang='lat' dir='ltr'><strong>umbratam!</strong></span> <span class='ocrx_word' id='word_1_264' title='bbox 295 3130 436 3188; x_wconf 86' lang='lat' dir='ltr'><strong>Ceterum</strong></span> <span class='ocrx_word' id='word_1_265' title='bbox 447 3128 626 3189; x_wconf 84' lang='lat' dir='ltr'><strong>haberenos</strong></span> <span class='ocrx_word' id='word_1_266' title='bbox 667 3137 795 3206; x_wconf 82' lang='lat' dir='ltr'><strong>vexant,</strong></span> <span class='ocrx_word' id='word_1_267' title='bbox 823 3139 1059 3209; x_wconf 86' lang='lat' dir='ltr'><strong>persequuntur,</strong></span> <span class='ocrx_word' id='word_1_268' title='bbox 1091 3142 1139 3204; x_wconf 58' lang='grc' dir='ltr'>ω</span> <span class='ocrx_word' id='word_1_269' title='bbox 1162 3129 1212 3189; x_wconf 89' lang='lat' dir='ltr'><strong>di-</strong></span> 
     </span>
     <span class='ocr_line' id='line_1_31' title="bbox 81 3212 1211 3294; baseline 0 -20"><span class='ocrx_word' id='word_1_270' title='bbox 81 3225 115 3274; x_wconf 88' lang='lat' dir='ltr'><strong>et</strong></span> <span class='ocrx_word' id='word_1_271' title='bbox 128 3212 158 3274; x_wconf 91' lang='lat' dir='ltr'><strong>h.</strong></span> <span class='ocrx_word' id='word_1_272' title='bbox 175 3215 195 3274; x_wconf 92' lang='lat'><strong>1.</strong></span> <span class='ocrx_word' id='word_1_273' title='bbox 204 3215 373 3294; x_wconf 86' lang='lat' dir='ltr'><strong>exemplum</strong></span> <span class='ocrx_word' id='word_1_274' title='bbox 386 3215 529 3290; x_wconf 82' lang='lat' dir='ltr'><strong>vaticinii,</strong></span> <span class='ocrx_word' id='word_1_275' title='bbox 543 3213 626 3293; x_wconf 90' lang='lat' dir='ltr'><strong>quod</strong></span> <span class='ocrx_word' id='word_1_276' title='bbox 669 3215 784 3276; x_wconf 83' lang='lat' dir='ltr'><strong>vinitas</strong></span> <span class='ocrx_word' id='word_1_277' title='bbox 799 3214 879 3278; x_wconf 88' lang='lat' dir='ltr'><strong>haec</strong></span> <span class='ocrx_word' id='word_1_278' title='bbox 899 3215 1052 3276; x_wconf 83' lang='lat' dir='ltr'><strong>calamitas</strong></span> <span class='ocrx_word' id='word_1_279' title='bbox 1072 3215 1127 3276; x_wconf 90' lang='lat' dir='ltr'><strong>tibi</strong></span> <span class='ocrx_word' id='word_1_280' title='bbox 1153 3216 1211 3274; x_wconf 90' lang='lat' dir='ltr'><strong>im-</strong></span> 
     </span>
     <span class='ocr_line' id='line_1_32' title="bbox 82 3299 1210 3379; baseline -0.002 -17"><span class='ocrx_word' id='word_1_281' title='bbox 82 3299 160 3362; x_wconf 89' lang='lat' dir='ltr'><strong>nihil</strong></span> <span class='ocrx_word' id='word_1_282' title='bbox 192 3299 276 3360; x_wconf 89' lang='lat' dir='ltr'><strong>eliud</strong></span> <span class='ocrx_word' id='word_1_283' title='bbox 310 3321 400 3378; x_wconf 83' lang='lat' dir='ltr'><strong>quarn</strong></span> <span class='ocrx_word' id='word_1_284' title='bbox 425 3301 575 3360; x_wconf 86' lang='lat' dir='ltr'><strong>monitum</strong></span> <span class='ocrx_word' id='word_1_285' title='bbox 597 3309 629 3359; x_wconf 93' lang='lat' dir='ltr'><strong>et</strong></span> <span class='ocrx_word' id='word_1_286' title='bbox 669 3302 758 3362; x_wconf 87' lang='lat' dir='ltr'><strong>missa</strong></span> <span class='ocrx_word' id='word_1_287' title='bbox 776 3310 836 3378; x_wconf 72' lang='lat' dir='ltr'><strong>est,</strong></span> <span class='ocrx_word' id='word_1_288' title='bbox 863 3310 900 3360; x_wconf 89' lang='lat' dir='ltr'><strong>ut</strong></span> <span class='ocrx_word' id='word_1_289' title='bbox 918 3301 1054 3361; x_wconf 85' lang='lat' dir='ltr'><strong>solebant</strong></span> <span class='ocrx_word' id='word_1_290' title='bbox 1078 3301 1210 3379; x_wconf 87' lang='lat' dir='ltr'><strong>antiqui-</strong></span> 
     </span>
     <span class='ocr_line' id='line_1_33' title="bbox 83 3385 1210 3467; baseline 0 -21"><span class='ocrx_word' id='word_1_291' title='bbox 83 3385 241 3446; x_wconf 87' lang='lat' dir='ltr'><strong>consilium</strong></span> <span class='ocrx_word' id='word_1_292' title='bbox 254 3387 397 3462; x_wconf 85' lang='lat' dir='ltr'><strong>continet,</strong></span> <span class='ocrx_word' id='word_1_293' title='bbox 410 3387 524 3446; x_wconf 82' lang='lat' dir='ltr'><strong>nullam</strong></span> <span class='ocrx_word' id='word_1_294' title='bbox 537 3405 628 3465; x_wconf 82' lang='lat' dir='ltr'><strong>prae·</strong></span> <span class='ocrx_word' id='word_1_295' title='bbox 669 3395 720 3448; x_wconf 84' lang='lat' dir='ltr'><strong>tus</strong></span> <span class='ocrx_word' id='word_1_296' title='bbox 733 3396 839 3467; x_wconf 88' lang='lat' dir='ltr'><strong>pestes,</strong></span> <span class='ocrx_word' id='word_1_297' title='bbox 860 3387 973 3462; x_wconf 88' lang='lat' dir='ltr'><strong>morbi,</strong></span> <span class='ocrx_word' id='word_1_298' title='bbox 996 3405 1134 3466; x_wconf 86' lang='lat' dir='ltr'><strong>agrorum</strong></span> <span class='ocrx_word' id='word_1_299' title='bbox 1148 3395 1210 3446; x_wconf 86' lang='lat' dir='ltr'><strong>ste-</strong></span> 
     </span>
     <span class='ocr_line' id='line_1_34' title="bbox 85 3471 1210 3548; baseline 0.002 -18"><span class='ocrx_word' id='word_1_300' title='bbox 85 3473 246 3531; x_wconf 85' lang='lat' dir='ltr'><strong>dictionem</strong></span> <span class='ocrx_word' id='word_1_301' title='bbox 266 3472 310 3532; x_wconf 89' lang='lat' dir='ltr'><strong>rei</strong></span> <span class='ocrx_word' id='word_1_302' title='bbox 331 3471 468 3548; x_wconf 82' lang='lat' dir='ltr'><strong>futurae,</strong></span> <span class='ocrx_word' id='word_1_303' title='bbox 497 3472 558 3530; x_wconf 88' lang='lat' dir='ltr'><strong>iarn</strong></span> <span class='ocrx_word' id='word_1_304' title='bbox 574 3491 627 3530; x_wconf 85' lang='lat' dir='ltr'><strong>su·</strong></span> <span class='ocrx_word' id='word_1_305' title='bbox 670 3472 795 3532; x_wconf 87' lang='lat' dir='ltr'><strong>rilitates</strong></span> <span class='ocrx_word' id='word_1_306' title='bbox 817 3481 873 3532; x_wconf 87' lang='lat' dir='ltr'><strong>etc.</strong></span> <span class='ocrx_word' id='word_1_307' title='bbox 888 3472 1056 3532; x_wconf 84' lang='lat' dir='ltr'><strong>civitatibus</strong></span> <span class='ocrx_word' id='word_1_308' title='bbox 1074 3472 1119 3530; x_wconf 88' lang='lat' dir='ltr'><strong>ira</strong></span> <span class='ocrx_word' id='word_1_309' title='bbox 1134 3471 1210 3532; x_wconf 90' lang='lat' dir='ltr'><strong>deo-</strong></span> 
     </span>
     <span class='ocr_line' id='line_1_35' title="bbox 83 3553 1209 3638; baseline 0 -21"><span class='ocrx_word' id='word_1_310' title='bbox 83 3559 304 3638; x_wconf 82' lang='lat' dir='ltr'><strong>premunitum</strong></span> <span class='ocrx_word' id='word_1_311' title='bbox 320 3567 374 3618; x_wconf 85' lang='lat' dir='ltr'><strong>eat.</strong></span> <span class='ocrx_word' id='word_1_312' title='bbox 669 3578 740 3617; x_wconf 89' lang='lat' dir='ltr'><strong>rum</strong></span> <span class='ocrx_word' id='word_1_313' title='bbox 765 3557 878 3636; x_wconf 87' lang='lat' dir='ltr'><strong>infligi,</strong></span> <span class='ocrx_word' id='word_1_314' title='bbox 915 3557 959 3614; x_wconf 87' lang='lat' dir='ltr'><strong>ita</strong></span> <span class='ocrx_word' id='word_1_315' title='bbox 985 3555 1015 3616; x_wconf 91' lang='lat' dir='ltr'><strong>h.</strong></span> <span class='ocrx_word' id='word_1_316' title='bbox 1039 3553 1059 3616; x_wconf 92' lang='lat' dir='ltr'><strong>l.</strong></span> <span class='ocrx_word' id='word_1_317' title='bbox 1080 3556 1209 3618; x_wconf 79' lang='lat' dir='ltr'><strong>Aristaei</strong></span> 
     </span>
    </p>

    <p class='ocr_par' dir='ltr' id='par_1_8' title="bbox 82 3637 1209 4494">
     <span class='ocr_line' id='line_1_36' title="bbox 125 3637 1209 3726; baseline -0.005 -19"><span class='ocrx_word' id='word_1_318' title='bbox 125 3641 197 3708; x_wconf 76' lang='lat'><strong>453.</strong></span> <span class='ocrx_word' id='word_1_319' title='bbox 220 3644 363 3724; x_wconf 89' lang='lat' dir='ltr'><strong>Sequitur</strong></span> <span class='ocrx_word' id='word_1_320' title='bbox 380 3641 548 3722; x_wconf 78' lang='lat' dir='ltr'><strong>episodium</strong></span> <span class='ocrx_word' id='word_1_321' title='bbox 563 3641 626 3700; x_wconf 85' lang='lat' dir='ltr'><strong>ela·</strong></span> <span class='ocrx_word' id='word_1_322' title='bbox 669 3637 759 3726; x_wconf 75' lang='grc' dir='ltr'><strong><em>ὕβρις</em></strong></span> <span class='ocrx_word' id='word_1_323' title='bbox 774 3663 863 3722; x_wconf 89' lang='lat' dir='ltr'><strong>apum</strong></span> <span class='ocrx_word' id='word_1_324' title='bbox 877 3642 1082 3702; x_wconf 84' lang='lat' dir='ltr'><strong>internecione</strong></span> <span class='ocrx_word' id='word_1_325' title='bbox 1095 3643 1209 3702; x_wconf 86' lang='lat' dir='ltr'><strong>divini-</strong></span> 
     </span>
     <span class='ocr_line' id='line_1_37' title="bbox 84 3725 1209 3808; baseline 0.002 -22"><span class='ocrx_word' id='word_1_326' title='bbox 84 3727 306 3788; x_wconf 86' lang='lat' dir='ltr'><strong>horetissimum</strong></span> <span class='ocrx_word' id='word_1_327' title='bbox 318 3729 355 3787; x_wconf 85' lang='lat' dir='ltr'><strong>de</strong></span> <span class='ocrx_word' id='word_1_328' title='bbox 370 3736 487 3788; x_wconf 85' lang='lat' dir='ltr'><strong>tentato</strong></span> <span class='ocrx_word' id='word_1_329' title='bbox 504 3728 541 3786; x_wconf 87' lang='lat' dir='ltr'><strong>ab</strong></span> <span class='ocrx_word' id='word_1_330' title='bbox 555 3726 627 3786; x_wconf 80' lang='lat' dir='ltr'><strong>Ari-</strong></span> <span class='ocrx_word' id='word_1_331' title='bbox 668 3738 719 3788; x_wconf 84' lang='lat' dir='ltr'><strong>tus</strong></span> <span class='ocrx_word' id='word_1_332' title='bbox 748 3727 930 3788; x_wconf 86' lang='lat' dir='ltr'><strong>vindicatur.</strong></span> <span class='ocrx_word' id='word_1_333' title='bbox 981 3725 1054 3793; x_wconf 77' lang='lat'><strong>454.</strong></span> <span class='ocrx_word' id='word_1_334' title='bbox 1083 3731 1209 3808; x_wconf 79' lang='lat' dir='ltr'><strong>Magna</strong></span> 
     </span>
     <span class='ocr_line' id='line_1_38' title="bbox 83 3813 1208 3892; baseline 0 -20"><span class='ocrx_word' id='word_1_335' title='bbox 83 3823 166 3874; x_wconf 85' lang='lat' dir='ltr'><strong>staeo</strong></span> <span class='ocrx_word' id='word_1_336' title='bbox 180 3813 343 3892; x_wconf 86' lang='lat' dir='ltr'><strong>Eurydices</strong></span> <span class='ocrx_word' id='word_1_337' title='bbox 356 3814 485 3892; x_wconf 86' lang='lat' dir='ltr'><strong>pudore,</strong></span> <span class='ocrx_word' id='word_1_338' title='bbox 510 3813 626 3888; x_wconf 89' lang='lat' dir='ltr'><strong>eteius,</strong></span> <span class='ocrx_word' id='word_1_339' title='bbox 668 3815 729 3873; x_wconf 67' lang='lat' dir='ltr'><strong>lom</strong></span> <span class='ocrx_word' id='word_1_340' title='bbox 748 3817 915 3887; x_wconf 79' lang='lat' dir='ltr'><strong>conmissa,</strong></span> <span class='ocrx_word' id='word_1_341' title='bbox 946 3831 1003 3892; x_wconf 89' lang='lat' dir='ltr'><strong>pro</strong></span> <span class='ocrx_word' id='word_1_342' title='bbox 1022 3830 1129 3892; x_wconf 84' lang='lat' dir='ltr'><strong>magno</strong></span> <span class='ocrx_word' id='word_1_343' title='bbox 1151 3814 1208 3872; x_wconf 87' lang='lat' dir='ltr'><strong>fla-</strong></span> 
     </span>
     <span class='ocr_line' id='line_1_39' title="bbox 84 3897 1209 3980; baseline 0 -22"><span class='ocrx_word' id='word_1_344' title='bbox 84 3899 158 3960; x_wconf 87' lang='lat' dir='ltr'><strong>dum</strong></span> <span class='ocrx_word' id='word_1_345' title='bbox 180 3901 311 3977; x_wconf 86' lang='lat' dir='ltr'><strong>sugeret,</strong></span> <span class='ocrx_word' id='word_1_346' title='bbox 347 3909 446 3958; x_wconf 85' lang='lat' dir='ltr'><strong>morta</strong></span> <span class='ocrx_word' id='word_1_347' title='bbox 473 3920 510 3958; x_wconf 85' lang='lat' dir='ltr'><strong>ax</strong></span> <span class='ocrx_word' id='word_1_348' title='bbox 534 3897 627 3978; x_wconf 80' lang='lat' dir='ltr'><strong>hydri</strong></span> <span class='ocrx_word' id='word_1_349' title='bbox 668 3899 742 3978; x_wconf 81' lang='lat' dir='ltr'><strong>gitio</strong></span> <span class='ocrx_word' id='word_1_350' title='bbox 761 3897 836 3957; x_wconf 87' lang='lat' dir='ltr'><strong>haec</strong></span> <span class='ocrx_word' id='word_1_351' title='bbox 856 3898 914 3957; x_wconf 84' lang='lat' dir='ltr'><strong>tibi</strong></span> <span class='ocrx_word' id='word_1_352' title='bbox 935 3906 1087 3976; x_wconf 85' lang='lat' dir='ltr'><strong>tamquam</strong></span> <span class='ocrx_word' id='word_1_353' title='bbox 1110 3919 1209 3980; x_wconf 84' lang='lat' dir='ltr'><strong>poena</strong></span> 
     </span>
     <span class='ocr_line' id='line_1_40' title="bbox 82 3980 1209 4066; baseline -0.003 -22"><span class='ocrx_word' id='word_1_354' title='bbox 82 3985 167 4060; x_wconf 91' lang='lat' dir='ltr'><strong>ictu,</strong></span> <span class='ocrx_word' id='word_1_355' title='bbox 199 3985 236 4042; x_wconf 89' lang='lat' dir='ltr'><strong>de</strong></span> <span class='ocrx_word' id='word_1_356' title='bbox 262 3982 471 4064; x_wconf 86' lang='lat' dir='ltr'><strong>Nympharum</strong></span> <span class='ocrx_word' id='word_1_357' title='bbox 502 4004 540 4044; x_wconf 83' lang='lat' dir='ltr'><strong>ex</strong></span> <span class='ocrx_word' id='word_1_358' title='bbox 564 3985 626 4043; x_wconf 89' lang='lat' dir='ltr'><strong>eins</strong></span> <span class='ocrx_word' id='word_1_359' title='bbox 668 3985 783 4044; x_wconf 83' lang='lat' dir='ltr'><strong>inflicta</strong></span> <span class='ocrx_word' id='word_1_360' title='bbox 798 3993 852 4046; x_wconf 84' lang='lat' dir='ltr'><strong>est.</strong></span> <span class='ocrx_word' id='word_1_361' title='bbox 874 3980 951 4064; x_wconf 73' lang='grc' dir='ltr'><strong>ἔτην</strong></span> <span class='ocrx_word' id='word_1_362' title='bbox 966 3983 1120 4062; x_wconf 83' lang='lat' dir='ltr'><strong>describit,</strong></span> <span class='ocrx_word' id='word_1_363' title='bbox 1142 3987 1209 4066; x_wconf 81' lang='lat' dir='ltr'><strong>pia-</strong></span> 
     </span>
     <span class='ocr_line' id='line_1_41' title="bbox 82 4069 1208 4149; baseline 0 -19"><span class='ocrx_word' id='word_1_364' title='bbox 82 4080 181 4132; x_wconf 88' lang='lat' dir='ltr'><strong>morte</strong></span> <span class='ocrx_word' id='word_1_365' title='bbox 193 4071 289 4146; x_wconf 89' lang='lat' dir='ltr'><strong>luctu,</strong></span> <span class='ocrx_word' id='word_1_366' title='bbox 302 4069 476 4147; x_wconf 82' lang='lat' dir='ltr'><strong>inflictaque</strong></span> <span class='ocrx_word' id='word_1_367' title='bbox 491 4069 627 4129; x_wconf 81' lang='lat' dir='ltr'><strong>Aristaeo</strong></span> <span class='ocrx_word' id='word_1_368' title='bbox 669 4070 787 4140; x_wconf 90' lang='lat' dir='ltr'><strong>culum,</strong></span> <span class='ocrx_word' id='word_1_369' title='bbox 808 4069 891 4130; x_wconf 91' lang='lat' dir='ltr'><strong>ineo</strong></span> <span class='ocrx_word' id='word_1_370' title='bbox 907 4069 1104 4146; x_wconf 85' lang='lat' dir='ltr'><strong>commissum,</strong></span> <span class='ocrx_word' id='word_1_371' title='bbox 1126 4072 1208 4149; x_wconf 84' lang='lat' dir='ltr'><strong>quod</strong></span> 
     </span>
     <span class='ocr_line' id='line_1_42' title="bbox 82 4154 1208 4236; baseline -0.002 -20"><span class='ocrx_word' id='word_1_372' title='bbox 82 4177 181 4236; x_wconf 85' lang='lat' dir='ltr'><strong>poena</strong></span> <span class='ocrx_word' id='word_1_373' title='bbox 201 4175 256 4236; x_wconf 87' lang='lat' dir='ltr'><strong>per</strong></span> <span class='ocrx_word' id='word_1_374' title='bbox 282 4155 365 4214; x_wconf 87' lang='lat' dir='ltr'><strong>diras</strong></span> <span class='ocrx_word' id='word_1_375' title='bbox 393 4155 430 4214; x_wconf 87' lang='lat' dir='ltr'><strong>ab</strong></span> <span class='ocrx_word' id='word_1_376' title='bbox 451 4154 574 4236; x_wconf 85' lang='lat' dir='ltr'><strong>Orphea</strong></span> <span class='ocrx_word' id='word_1_377' title='bbox 593 4155 626 4214; x_wconf 92' lang='lat' dir='ltr'><strong>in</strong></span> <span class='ocrx_word' id='word_1_378' title='bbox 667 4156 835 4234; x_wconf 84' lang='lat' dir='ltr'><strong>Eurydioae</strong></span> <span class='ocrx_word' id='word_1_379' title='bbox 865 4171 968 4216; x_wconf 82' lang='lat' dir='ltr'><strong>caussa</strong></span> <span class='ocrx_word' id='word_1_380' title='bbox 999 4155 1058 4214; x_wconf 85' lang='lat' dir='ltr'><strong>fuit</strong></span> <span class='ocrx_word' id='word_1_381' title='bbox 1087 4157 1208 4234; x_wconf 69' lang='lat' dir='ltr'><strong>mortis,</strong></span> 
     </span>
     <span class='ocr_line' id='line_1_43' title="bbox 83 4239 1208 4321; baseline -0.002 -19"><span class='ocrx_word' id='word_1_382' title='bbox 83 4261 154 4302; x_wconf 85' lang='lat' dir='ltr'><strong>eum</strong></span> <span class='ocrx_word' id='word_1_383' title='bbox 174 4243 269 4302; x_wconf 84' lang='lat' dir='ltr'><strong>factas</strong></span> <span class='ocrx_word' id='word_1_384' title='bbox 287 4250 319 4300; x_wconf 84' lang='lat' dir='ltr'><strong>et</strong></span> <span class='ocrx_word' id='word_1_385' title='bbox 338 4240 485 4318; x_wconf 83' lang='lat' dir='ltr'><strong>Erinnyas</strong></span> <span class='ocrx_word' id='word_1_386' title='bbox 507 4239 540 4299; x_wconf 91' lang='lat' dir='ltr'><strong>in</strong></span> <span class='ocrx_word' id='word_1_387' title='bbox 556 4257 627 4302; x_wconf 83' lang='lat' dir='ltr'><strong>eum</strong></span> <span class='ocrx_word' id='word_1_388' title='bbox 668 4259 743 4318; x_wconf 85' lang='lat' dir='ltr'><strong>quae</strong></span> <span class='ocrx_word' id='word_1_389' title='bbox 754 4250 858 4321; x_wconf 83' lang='lat' dir='ltr'><strong>postea</strong></span> <span class='ocrx_word' id='word_1_390' title='bbox 873 4239 987 4319; x_wconf 87' lang='lat' dir='ltr'><strong>Orphei</strong></span> <span class='ocrx_word' id='word_1_391' title='bbox 1000 4241 1092 4300; x_wconf 87' lang='lat' dir='ltr'><strong>marti</strong></span> <span class='ocrx_word' id='word_1_392' title='bbox 1107 4261 1208 4300; x_wconf 85' lang='lat' dir='ltr'><strong>caussa</strong></span> 
     </span>
     <span class='ocr_line' id='line_1_44' title="bbox 84 4323 1207 4406; baseline -0.001 -19"><span class='ocrx_word' id='word_1_393' title='bbox 84 4328 258 4388; x_wconf 77' lang='lat' dir='ltr'><strong>concitatas.</strong></span> <span class='ocrx_word' id='word_1_394' title='bbox 291 4325 498 4406; x_wconf 85' lang='lat' dir='ltr'><strong>Interponitur</strong></span> <span class='ocrx_word' id='word_1_395' title='bbox 510 4323 625 4404; x_wconf 88' lang='lat' dir='ltr'><strong>Orphei</strong></span> <span class='ocrx_word' id='word_1_396' title='bbox 666 4327 733 4386; x_wconf 85' lang='lat' dir='ltr'><strong>suit.</strong></span> <span class='ocrx_word' id='word_1_397' title='bbox 780 4327 936 4404; x_wconf 77' lang='lat' dir='ltr'><strong>Orpheus,</strong></span> <span class='ocrx_word' id='word_1_398' title='bbox 961 4324 1075 4404; x_wconf 86' lang='lat' dir='ltr'><strong>Orphei</strong></span> <span class='ocrx_word' id='word_1_399' title='bbox 1090 4327 1207 4403; x_wconf 84' lang='lat' dir='ltr'><strong>umbra,</strong></span> 
     </span>
     <span class='ocr_line' id='line_1_45' title="bbox 84 4409 1208 4494; baseline -0.001 -21"><span class='ocrx_word' id='word_1_400' title='bbox 84 4423 207 4474; x_wconf 83' lang='lat' dir='ltr'><strong>conatus</strong></span> <span class='ocrx_word' id='word_1_401' title='bbox 218 4414 368 4474; x_wconf 84' lang='lat' dir='ltr'><strong>infaustus</strong></span> <span class='ocrx_word' id='word_1_402' title='bbox 378 4409 536 4492; x_wconf 83' lang='lat' dir='ltr'><strong>repetendi</strong></span> <span class='ocrx_word' id='word_1_403' title='bbox 548 4431 624 4470; x_wconf 85' lang='lat' dir='ltr'><strong>con-</strong></span> <span class='ocrx_word' id='word_1_404' title='bbox 666 4411 768 4472; x_wconf 85' lang='lat' dir='ltr'><strong>Manes</strong></span> <span class='ocrx_word' id='word_1_405' title='bbox 781 4411 903 4494; x_wconf 87' lang='lat' dir='ltr'><strong>Orphei,</strong></span> <span class='ocrx_word' id='word_1_406' title='bbox 915 4431 983 4472; x_wconf 88' lang='lat' dir='ltr'><strong>nam</strong></span> <span class='ocrx_word' id='word_1_407' title='bbox 999 4409 1113 4491; x_wconf 85' lang='lat' dir='ltr'><strong>Orphei</strong></span> <span class='ocrx_word' id='word_1_408' title='bbox 1126 4433 1208 4472; x_wconf 87' lang='lat' dir='ltr'><strong>mors</strong></span> 
     </span>
    </p>
   </div>
   <div class='ocr_carea' id='block_1_6' title="bbox 135 4513 999 4593">
    <p class='ocr_par' dir='ltr' id='par_1_9' title="bbox 135 4513 999 4593">
     <span class='ocr_line' id='line_1_46' title="bbox 135 4513 999 4593; baseline -0.009 -3"><span class='ocrx_word' id='word_1_409' title='bbox 135 4515 290 4593; x_wconf 84' lang='lat' dir='ltr'><strong>Vnen.</strong></span> <span class='ocrx_word' id='word_1_410' title='bbox 318 4513 472 4590; x_wconf 68' lang='lat' dir='ltr'><strong>Toni</strong></span> <span class='ocrx_word' id='word_1_411' title='bbox 948 4514 999 4583; x_wconf 79' lang='grc'><strong>43</strong></span> 
     </span>
    </p>
   </div>
   <div class='ocr_carea' id='block_1_7' title="bbox 0 0 1384 4990">
    <p class='ocr_par' dir='ltr' id='par_1_10' title="bbox 0 0 1384 4990">
     <span class='ocr_line' id='line_1_47' title="bbox 0 0 1384 4990; baseline 0 0"><span class='ocrx_word' id='word_1_412' title='bbox 0 0 1384 4990; x_wconf 95' lang='lat' dir='ltr'><strong> </strong></span> 
     </span>
    </p>
   </div>
  </div>
 </body>
</html>
