2710 4998
224 427 370 481 cxtvnr
594 399 977 478 ARGUMENTA

227 594 296 658 Hoc
311 589 421 658 Turni
437 585 576 653 Iuturna
592 611 690 654 soror
703 587 893 654 contundit:
917 597 950 652 et
962 587 1081 652 ambos

224 677 261 743 ln
278 697 427 766 pugnam
443 671 589 762 populos
606 675 689 760 agit,
711 675 868 740 ementita
881 672 1080 738 Camertem.
1233 751 1236 759 Ι
1299 669 1347 734 125

224 768 349 828 Aeneas
363 759 491 828 volucri
507 757 658 824 tardatur
672 759 827 824 membra
842 759 970 846 sagitta.

225 849 333 913 Anxie
345 867 408 935 pro
424 855 502 908 nato
517 845 659 910 serravit
676 865 755 908 eura
773 845 930 933 parentis.

225 933 317 999 Urbs
333 955 369 997 cn
396 931 472 994 itur.
518 929 625 994 Vitam
642 927 762 1016 laqueo
777 928 837 992 sibi
850 927 925 994 linit
940 927 1067 992 Amata.

227 953 540 1093 beneolacem,
564 1036 684 1102 campo
697 1034 911 1112 congressus,
934 1011 1109 1098 utrimque

226 1099 436 1169 Circumfusa
449 1100 533 1180 acie,
554 1099 621 1167 nita
637 1097 796 1187 spoliavit
812 1109 845 1164 et
856 1098 968 1164 ermis.
1300 1097 1347 1156 130

720 1337 766 1411 11
791 1339 860 1434 (X)

269 1491 487 1580 Argumenta
508 1489 726 1557 Monosticha
748 1515 917 1580 expressa.
948 1515 983 1555 v.
997 1485 1078 1554 ibid.
1094 1485 1230 1578 Epigr.
1250 1491 1312 1551 191.
1345 1467 1347 1484 Α

229 1605 350 1676 A'enens
393 1609 480 1674 rimo
494 1607 626 1696 Libycis
640 1610 823 1700 appellitur
839 1611 918 1676 oris.

227 1695 356 1762 Funera
367 1631 553 1760 bardanius
567 1707 681 1759 narrat
692 1695 861 1784 fletusque
876 1693 1031 1760 secundo.

227 1781 259 1846 'l'
261 1781 362 1848 ertias
379 1800 508 1844 errores
522 1780 624 1856 canit,
647 1781 876 1867 emissumque
890 1789 1074 1867 parentent.

228 1865 349 1933 Uritur
362 1866 397 1929 in
411 1875 531 1950 quarto
547 1864 652 1942 Dido,
674 1864 895 1952 flammasque
910 1864 1043 1929 fatetur.

228 1951 374 2032 Quintus
391 1947 490 2014 babet
504 1947 621 2026 ludes,
643 1961 676 2015 et
688 1949 826 2017 classem
845 1949 986 2037 corripit
997 1949 1089 2035 ignis.
1147 1981 1151 1990 ·
1325 1941 1347 2004 ⁶¹

228 2037 448 2117 Quaeruntur
459 2045 555 2099 sexto
570 2033 684 2100 Manes
699 2047 731 2100 et
745 2035 885 2100 Tartara
898 2034 991 2099 Ditis.
1346 2050 1347 2054 ’

227 2121 397 2208 Septimus
411 2121 541 2185 Aenean
558 2119 666 2185 reddit
679 2119 834 2185 fatalibus
850 2119 944 2184 arvis.

229 2206 405 2293 Praeparat
419 2213 552 2284 octavo,
570 2203 697 2270 bellum
716 2227 802 2292 quos
819 2206 930 2270 mittat
945 2204 977 2267 in
997 2202 1141 2268 bostem.

228 2290 347 2355 Nonus
363 2287 462 2353 habet
473 2311 524 2378 pn
547 2312 620 2370 nas,
643 2312 705 2355 nec
719 2291 809 2355 adest
823 2289 895 2354 dux
911 2290 983 2377 ipse
997 2287 1181 2352 turnultus.

228 2374 354 2440 Occidit
368 2376 499 2440 Aeneae
533 2376 637 2440 ecimo
653 2375 836 2440 Mezentius
852 2375 910 2440 ira.
1310 2367 1340 2426 ¹⁰

228 2460 415 2526 Undecimo
430 2461 514 2524 victa
529 2471 657 2525 estnon
675 2481 781 2548 aequo
797 2459 905 2525 Marte
917 2455 1067 2524 Camilla.

231 2546 435 2612 Duodecimn
452 2543 591 2611 Turnus
607 2545 725 2611 divinis
737 2544 854 2611 occidit
867 2543 980 2611 armis.

594 2712 597 2728 ⁴
698 2771 768 2846 111
794 2771 880 2866 (xn

271 2924 525 3012 Argumentum
551 2925 706 2990 omnium
734 2947 875 3014 opernm
900 2914 1198 3010 Virgilianorune
1235 2911 1307 2983 ibid·

412 3025 540 3115 Epigr.
558 3032 620 3094 188
646 3025 779 3092 indocti
800 3039 833 3092 et
854 3025 1000 3092 barbari
1018 3022 1180 3088 hominm.

232 3143 405 3206 Pastorum
421 3144 553 3208 Musam
567 3145 660 3210 vario
676 3145 854 3210 certamine
866 3147 1005 3234 promit

230 3227 329 3292 Ruris
347 3228 424 3292 item
441 3227 555 3292 docilis
569 3227 736 3295 culturam
752 3233 898 3295 carmine
910 3239 1086 3295 monstrat.

230 3311 414 3376 Arboribus
429 3313 547 3388 vitem,
569 3316 700 3402 prolem
715 3337 851 3402 quoqne
866 3317 973 3402 iungit
986 3314 1103 3394 olivae,

232 3398 473 3484 pastorumque
488 3397 604 3480 Palen,
628 3413 661 3466 et
673 3423 788 3466 curam
808 3401 907 3466 tradit
922 3421 1101 3488 equorum.
1149 3441 1153 3455 ι

228 3484 259 3550 Τ
263 3505 325 3550 unc
341 3483 456 3571 apium
470 3485 605 3562 seriem,
628 3499 659 3552 ct
697 3508 759 3550 uae
774 3485 881 3550 mellis
898 3486 1000 3566 dona,
1021 3493 1180 3550 recenset.
1322 3474 1336 3536 5

230 3573 352 3634 Aeneas
370 3565 535 3656 profugus
553 3571 654 3636 intrat
670 3509 876 3657 daethagints
893 3593 976 3636 orae.

229 3653 383 3719 Convivis
398 3654 495 3721 series
513 3667 667 3720 narratur
678 3657 799 3722 Troica
814 3656 898 3722 belli.

228 3739 363 3803 Tertius
378 3749 411 3803 at
428 3739 575 3838 complet
589 3743 752 3806 narrantis
770 3743 803 3805 in
823 3741 939 3808 ordine
958 3755 1062 3829 gesta.<

231 3824 331 3888 Ardet
345 3845 461 3888 amane
478 3824 564 3890 Drdo
582 3823 690 3888 satum
704 3827 819 3890 sortite
832 3848 1042 3914 supremum.

229 3907 376 3988 Quintus
394 3906 494 3974 habet
513 3909 600 3973 varia
618 3909 742 3973 tumuli
757 3909 943 3998 spectacula
960 3912 1075 4000 patris.
1305 3902 1334 3964 ¹⁰

228 3989 382 4058 infernos
394 3993 478 4058 Ditis
494 3993 607 4059 Manes
625 4005 656 4059 et
669 4016 769 4080 regna
783 4007 943 4084 pererrat.

229 4212 236 4224 ι
262 4143 291 4194 X
315 4143 432 4196 Praefixa
459 4145 537 4200 etiam
559 4145 669 4218 singulis
694 4145 770 4200 libris
813 4149 870 4200 lum
893 4149 955 4218 (et)
980 4167 1049 4220 qnos
1070 4150 1165 4202 minat
1190 4151 1221 4202 in
1242 4149 1333 4202 karum

228 4229 255 4262 tn
271 4211 332 4263 edd.
345 4213 423 4269 narn.
438 4225 467 4266 et
481 4217 508 4267 in
524 4216 583 4268 eod.
601 4219 677 4270 llam.
699 4217 770 4286 apud
812 4219 881 4270 Nem
900 4220 934 4271 ab
962 4219 1084 4272 Evandro
1113 4218 1211 4272 auxilia
1236 4211 1332 4270 amauit·

228 4284 329 4333 Bottar.
847 4289 896 4354 xl,
913 4289 931 4344 8
947 4306 1051 4342 versum
1068 4305 1122 4341 nnn
1142 4289 1207 4343 satia
1225 4283 1332 4349 uitligo·

262 4353 279 4406 8
304 4347 418 4433 belluna,
444 4367 494 4433 prp
520 4352 619 4406 bellum
647 4353 769 4438 utrinqne
810 4356 872 4410 uiri
890 4360 1006 4430 iungere
1034 4367 1077 4410 ert
1097 4357 1278 4429 praecipiende
1295 4349 1332 4403 td·

226 4420 395 4491 gerentibus,
425 4429 548 4490 pcntum.
594 4423 654 4476 Nisi
680 4435 768 4494 potrus
811 4425 876 4478 dere
896 4437 959 4496 port
978 4428 1088 4481 arbores
1112 4427 1203 4480 vitiam
1224 4422 1331 4480 eratne

228 4503 281 4544 cst:
299 4493 454 4562 Praeparat
466 4491 588 4564 (Aeneas)
601 4506 696 4548 octava
708 4493 768 4548 tet·
810 4496 946 4550 culturam.
