2730 5016
200 373 274 448 558
440 371 480 444 P.
507 367 773 445 VIRGILll
797 365 1079 442 MARONIS

201 555 301 632 Solis
316 553 365 632 ad
384 577 584 630 occasum:
612 577 738 654 quum
753 550 919 652 frigidus
937 578 1027 628 aera
1043 576 1183 652 vesper

200 665 430 758 Temperat,
459 670 499 732 et
515 655 632 732 saltus
650 655 778 731 reficit
794 657 871 732 iam
887 655 1042 731 roscida
1059 655 1172 750 luna,

198 765 411 860 Litoraque
428 759 620 856 alcyonen
637 773 843 854 resonant,
872 758 1116 834 acalanthida
1133 757 1257 834 dumi.

201 864 307 960 Quid
322 864 393 939 tibi
412 875 589 964 pastores
603 863 766 960 Libyae,
794 861 891 963 quid
912 887 1054 962 pascua
1071 887 1190 937 versu

199 975 442 1068 Prosequar,
469 979 510 1042 et
525 966 620 1042 raris
638 965 809 1042 habitata
824 965 990 1068 mapalia
1007 966 1149 1042 tectis?
1249 970 1313 1041 840

268 1143 321 1197 336
339 1159 403 1192 aere
416 1141 496 1192 Goth.
510 1159 549 1209 pr.
584 1139 705 1192 Ceterum
722 1140 849 1192 nidorem
862 1137 1102 1208 interpunctionem
1117 1155 1133 1189 e
1148 1137 1239 1188 medio
1250 1153 1315 1186 versa

201 1211 359 1264 sustulimus.
377 1211 446 1279 (hid.
461 1220 523 1260 tert.
540 1212 643 1280 Vesper
656 1209 755 1260 maiore
767 1209 859 1270 litem
876 1219 958 1270 recte,
975 1209 1026 1260 uisi
1038 1207 1129 1270 fallor,
1147 1208 1185 1258 ob
1200 1226 1237 1258 rs.
1250 1208 1315 1264 8284

201 1283 239 1334 ita
253 1281 371 1351 proximo
385 1297 462 1330 versu
477 1279 556 1330 etiam
568 1281 665 1344 Lana,
684 1295 738 1330 non
751 1279 819 1330 luna
834 1279 990 1330 exarandum
1003 1277 1070 1338 erit3
1096 1295 1127 1327 ac
1141 1277 1265 1340 mireris,
1280 1293 1317 1327 mr

201 1369 239 1404 vs.
259 1352 319 1406 333.
337 1349 499 1418 Halcyonen
521 1347 647 1410 Vossius,
679 1347 726 1399 sed
753 1365 863 1418 vesper,
887 1347 969 1410 lana,
993 1346 1064 1398 idem
1092 1346 1242 1416 scripserit.
1274 1344 1318 1396 Sed

200 1437 309 1482 vereor,
326 1436 359 1470 ue
379 1419 429 1470 bac
450 1417 478 1468 iu
498 1435 526 1468 re
546 1416 653 1468 infinitis
675 1416 741 1469 locis
762 1426 896 1484 peccetur.
916 1416 988 1481 Wr.)
1022 1418 1076 1470 337
1095 1417 1196 1467 rosida
1213 1415 1319 1467 scrr'hunt

201 1489 334 1550 nonnulli,
353 1498 383 1539 ut
394 1497 421 1538 et
436 1487 507 1556 apud
520 1486 688 1538 Columellam
701 1485 720 1538 l.
735 1505 756 1538 c.
769 1485 879 1538 etalias.
947 1487 1000 1542 338
1017 1486 1165 1550 alcyonem
1181 1485 1247 1552 fleg.
1279 1503 1318 1534 re-

201 1571 300 1610 sonent
314 1557 379 1609 alter
394 1557 519 1608 Rotteud.
553 1555 732 1607 acalanthida
746 1563 835 1606 tuetur
852 1555 979 1606 librorum
996 1555 1066 1624 apud
1079 1553 1214 1616 Pieriam,
1232 1554 1319 1614 Heius,

201 1627 318 1690 Martia„
343 1625 504 1687 constantia,
522 1643 673 1694 quamquam
694 1624 802 1675 diversis
821 1625 906 1676 modis
922 1624 1117 1684 achaiantida,
1141 1623 1318 1675 athalmtids.

202 1697 390 1759 acalanthida,
419 1695 525 1746 taudem
545 1695 706 1756 achantida,
738 1693 794 1744 siue
816 1705 858 1756 et,
882 1692 1013 1745 scribitur.
1048 1693 1218 1744 acalmrtida
1239 1694 1317 1759 tuga

201 1767 288 1820 Vatia.
324 1777 352 1817 et
364 1765 514 1816 acanthida
525 1763 584 1814 edd.
597 1773 658 1814 aute
670 1763 769 1824 licius,
789 1763 867 1814 etiam
886 1773 1005 1827 veteres,
1028 1761 1186 1822 insederst3
1211 1779 1260 1830 pro
1276 1776 1317 1828 que

201 1835 302 1888 laudari
317 1843 407 1902 potest
421 1833 542 1902 Calpurn.
556 1833 601 1896 Vl,
619 1834 635 1886 7
655 1844 686 1883 ut
700 1834 792 1884 vincat
805 1832 955 1883 acanthida
971 1833 1074 1884 comis.
1112 1831 1216 1883 Coutn
1232 1831 1317 1882 Paulli-

202 1923 264 1956 nus:
282 1905 341 1955 Nee
350 1905 406 1954 nisi
420 1921 484 1954 vare
497 1919 569 1952 nova
586 1913 719 1953 resonant
732 1901 911 1952 acalanthida
923 1902 1005 1951 danii
1040 1899 1173 1951 simfliter
1185 1919 1241 1952 nou
1253 1900 1316 1950 ruodo

161 1997 165 2010 ·
203 1967 334 2038 α’κανθὶς,
351 1989 440 2022 vemm
457 1981 485 2022 et
499 1966 657 2030 ἀκαλανθὶς
671 1969 793 2022 occurrit.
811 1970 862 2021 rid.
876 1969 919 2022 hic
934 1969 1065 2020 Heinsius.
1137 1971 1196 2025 839
1210 1983 1318 2041 parum

200 2043 276 2094 Leid.
303 2059 385 2093 versa
399 2041 480 2090 Goth.
522 2057 559 2104 r.,
584 2039 658 2107 quasi
674 2039 785 2091 subinde
806 2039 901 2091 mutui
925 2039 1010 2090 solita.
1046 2039 1100 2090 Sed
1122 2039 1216 2090 verius
1231 2037 1318 2089 librarii

202 2121 246 2231 cettl
262 2109 409 2230 llpdibriunr.
553 2111 709 2180 Persequar
729 2107 830 2161 Zulich.
864 2109 1003 2182 mappalia
1019 2108 1088 2158 ruale
1111 2107 1181 2160 alibi
1202 2109 1317 2161 sehim

201 2197 254 2232 vt.
286 2197 350 2230 urm.

202 2341 291 2402 paru.
310 2320 346 2396 V,
363 2323 405 2384 60
423 2339 465 2398 sq.
487 2328 518 2378 et
530 2335 619 2400 supra
634 2319 743 2380 lauda·
786 2317 859 2382 Aen.
875 2320 897 2395 l,
912 2321 983 2383 828.
1009 2317 1100 2400 Wr.)
1145 2317 1319 2378 Acarnan

203 2417 261 2467 tos.
284 2419 384 2466 tenues
403 2405 574 2485 simpliciter
598 2415 744 2479 ornam
785 2425 841 2486 pro
864 2404 965 2464 eadem
991 2403 1124 2462 habetur
1147 2424 1319 2464 cumactur·

203 2502 313 2555 natura
326 2511 477 2571 aquaram
493 2491 629 2570 petitum.
650 2491 745 2564 reficit
786 2491 884 2565 thide,
914 2508 967 2548 seu
984 2489 1139 2564 amana,
1175 2488 1316 2564 Gohlfhrl.

203 2579 321 2638 roscida
347 2579 439 2652 luna,
476 2575 507 2636 h.
535 2596 586 2636 ros
617 2575 742 2651 cadens,
829 2579 891 2640 339
911 2597 954 2654 sq.
970 2577 1099 2638 -883.
1131 2575 1169 2634 ln
1191 2577 1318 2636 saltaret

204 2665 276 2724 duur
293 2663 472 2736 luualucet,
503 2671 608 2737 noctu5
630 2661 744 2720 adscri-
785 2681 896 2742 pascus
926 2660 1099 2720 educendos
1134 2681 1200 2720 esse
1234 2677 1318 2740 greges

88 2757 90 2766 '
203 2746 745 2830 ptusvulgariopiniouilunae,tam-
786 2747 907 2806 dixerat
928 2767 991 2807 av.
1015 2749 1088 2810 322.
1143 2747 1227 2806 Duru
1244 2755 1317 2826 poen

203 2855 294 2913 quam
308 2853 435 2894 caussae.
471 2831 549 2892 Hinc
561 2832 646 2908 illud,
661 2832 742 2911 quod
784 2833 917 2910 undique
929 2841 1070 2892 ornatum
1077 2833 1212 2892 carmini
1221 2843 1251 2891 et
1261 2850 1315 2910 gu·

203 2921 241 2980 ab
260 2919 400 2978 Montana
415 2919 452 2978 de
464 2937 533 2978 rore
546 2917 658 2978 dictum
674 2919 743 2977 lau·
783 2918 857 2978 tiam
874 2938 911 2977 ex
924 2918 1072 2978 rutente
1084 2919 1219 2996 quaerit,
1245 2927 1275 2976 ut
1288 2913 1318 2972 sd

204 3005 296 3064 datur
317 3005 354 3064 ab
378 3005 474 3084 lntpp.
498 3001 565 3084 (ap.
587 3002 739 3063 Plutarch.
781 3002 862 3062 bruc
875 3003 1093 3083 pascendarum
1107 3005 1216 3064 orium
1228 3019 1318 3062 curru

203 3093 338 3170 Sympos.
351 3089 420 3150 libr.
433 3089 473 3148 Ill
487 3087 578 3172 extr.)
600 3083 651 3152 ola
665 3086 741 3162 Arde
782 3091 918 3170 exemplo
946 3090 1074 3164 invitet,
1107 3089 1254 3150 Afrorum
1271 3107 1318 3146 uo·

203 3173 341 3258 θυγάτηρ
361 3174 435 3256 μέγα
452 3173 555 3256 τρέφει
575 3173 627 3237 nal
642 3168 740 3236 Σελᾶ-
783 3175 906 3234 madum
930 3195 1045 3236 morem
1074 3186 1244 3250 memorat,
1276 3171 1318 3250 qui

101 3317 103 3320 .
203 3284 259 3335 νας
277 3263 363 3335 δίας·
386 3261 464 3320 salici
483 3269 651 3320 commento
671 3260 742 3319 lacit
782 3280 838 3340 per
866 3270 963 3320 totam
999 3269 1145 3322 aestatem
1183 3259 1316 3341 pecunu

203 3365 320 3422 rorem,
358 3341 416 3425 τήν
446 3341 584 3428 Antinoe,
612 3345 692 3405 Iovis
712 3355 743 3404 et
785 3345 908 3406 saltibus
926 3345 1057 3421 habent3
1079 3355 1114 3405 at
1135 3358 1244 3406 nonna
1257 3343 1313 3408 849

160 3485 163 3492 .
203 3435 304 3493 Lunae
321 3431 421 3490 filiam.
443 3433 600 3509 rorifluam
619 3433 745 3490 Lanam
784 3433 816 3492 iu
830 3432 1123 3512 septemtrionalibus
1143 3433 1312 3512 plagissau·

203 3520 236 3579 in
260 3517 415 3577 Catalectis
432 3515 564 3576 invenias
581 3517 652 3596 pag.
671 3520 743 3580 239.
784 3537 838 3598 per
855 3518 887 3577 in
899 3516 1023 3578 stabulis
1039 3537 1133 3598 pecus
1146 3519 1315 3578 continetur.

204 3605 315 3664 Contra
347 3602 493 3662 sideribus
525 3602 672 3663 tribuitru·
706 3600 743 3660 ab
785 3604 924 3664 Ceterum
955 3603 1041 3664 locus
1068 3613 1116 3663 est
1142 3623 1183 3662 ex
1205 3599 1314 3662 nubib

205 3691 269 3749 eliis
292 3693 416 3750 Humor
434 3689 503 3762 ille,
533 3709 622 3767 quem
635 3691 743 3746 serenis
784 3688 874 3748 simis.

204 3789 287 3834 astra
319 3787 419 3833 rumne
447 3771 579 3832 noctibus
601 3773 739 3854 Pervigil.
829 3777 901 3838 889.
930 3773 1048 3852 Libyae
1064 3795 1189 3852 pascua
1207 3773 1264 3832 ism
1285 3769 1316 3824 rb

203 3861 277 3921 Veri.
299 3865 350 3924 20.
398 3861 440 3918 tta
467 3859 531 3938 ipsa
558 3857 595 3917 de
620 3879 691 3918 rore
712 3869 743 3918 et
785 3859 917 3920 Homero
933 3860 1092 3919 nobilitata
1107 3860 1216 3938 Odyss.
1231 3860 1258 3930 d,
1272 3855 1316 3918 8⁵.

203 3956 354 4006 nocturno
367 3943 494 4006 humore
510 3944 678 4004 observatio
699 3945 744 4004 ie-
787 3944 859 4010 340.
877 3947 1032 4022 amputa,
1063 3964 1148 4004 casae
1167 3955 1315 4018 seutugrt-

204 4032 244 4090 cit
258 4031 341 4091 haud
355 4031 459 4104 dubie,
481 4039 517 4089 ut
529 4030 643 4088 Lunam
658 4031 743 4090 deam
786 4031 833 4092 ria
854 4031 956 4090 cannis
976 4030 1117 4090 feralisre
1139 4025 1313 4089 consectsir

205 4111 349 4201 γόνιμον,
372 4117 594 4175 ulmamrerum
609 4127 744 4192 matrem,
787 4118 854 4176 coni
876 4124 931 4176 aut
949 4116 1046 4190 furui,
1080 4125 1133 4175 aut
1155 4115 1186 4173 in
1207 4113 1313 4172 arins

206 4201 371 4261 crederent.
414 4203 521 4260 Litora
540 4215 677 4260 resumat
694 4203 742 4261 al-
786 4199 928 4282 speciem,
959 4209 996 4262 ut
1013 4201 1093 4280 apud
1121 4201 1240 4260 Sallust
1260 4196 1313 4270 lug.

204 4309 336 4366 manen,
375 4285 406 4345 h.
436 4287 574 4364 alcyones
607 4297 744 4347 cantum:
787 4292 847 4363 21,
867 4307 921 4348 seu
945 4288 1069 4366 sparsim
1093 4287 1155 4346 solo
1181 4285 1242 4342 lixa
1266 4297 1312 4338 stt

204 4380 385 4430 memoratae
404 4370 462 4429 iam
485 4371 536 4429 Ge.
549 4372 572 4444 l,
587 4375 658 4436 898.
671 4377 743 4438 399.
784 4373 927 4452 plaustris
950 4371 1132 4432 demutari
1153 4369 1254 4440 satin,
1281 4371 1312 4424 ut

205 4453 304 4536 (aliter
316 4453 376 4513 hoe
388 4455 517 4534 explicat
533 4455 689 4518 Wunderl.
703 4457 743 4518 ad
785 4459 867 4538 apud
886 4459 960 4520 Plio.
978 4457 1013 4534 V,
1027 4461 1057 4522 8.
1096 4455 1136 4514 At
1155 4453 1185 4512 lr.
1200 4452 1220 4512 l.
1233 4451 1310 4532 prim
