2652 5032
195 357 558 435 enonsrcon
583 361 687 437 urs.
709 361 764 458 11,
791 367 1010 442 ns-tes
1089 361 1162 442 471

34 551 125 622 Hoc
144 546 338 646 pinguem
354 558 394 620 et
410 544 592 646 placitam
606 546 695 623 Paci
712 548 884 624 nutritor
898 548 1054 629 olivam.
1088 556 1165 632 425

79 655 211 725 Poma
222 661 452 750 quoque‚ut
461 650 638 748 primum
647 663 810 726 truncos
819 675 978 729 sensere
988 651 1163 753 valentis,

31 756 83 828 Et
102 753 208 828 vires
223 751 402 828 habuere
419 775 525 848 suae,
553 752 602 828 ad
621 753 750 829 sidera
765 755 910 855 raptim

31 859 79 936 Vi
96 855 264 956 propria
280 857 463 932 nituntur
477 857 646 958 opisque
661 855 769 962 hnud
785 857 917 957 indiga
932 872 1100 940 nostrae.

82 983 177 1060 428.
202 999 424 1072 sirenum,

59 1165 121 1219 425
135 1164 277 1238 placidam
290 1163 403 1234 quinque
417 1166 490 1234 apud
503 1168 598 1230 Burni,
620 1165 697 1218 mele.
721 1165 826 1235 (Medic.
841 1169 982 1234 nutritur,
1006 1170 1054 1221 sed
1068 1188 1086 1221 u
1100 1168 1128 1221 in
1146 1190 1162 1222 ο

25 1244 141 1286 nrntete.
182 1234 301 1285 Ceterum
322 1235 356 1285 cf.
377 1245 467 1288 notste
487 1237 522 1288 ed
533 1241 597 1289 Aen.
614 1238 665 1300 111,
683 1237 726 1290 61.
747 1237 819 1304 We.)
888 1234 941 1292 426
957 1241 1095 1308 Pomaque
1108 1242 1162 1292 iam

25 1307 95 1356 Ven.
136 1305 263 1356 calentes
277 1303 373 1355 Medic.
391 1323 451 1358 ens.
460 1324 503 1387 pr.
527 1306 608 1376 (idem
624 1318 749 1356 truncus.
771 1305 842 1372 Wr.)
918 1304 970 1362 428
988 1326 1040 1377 que
1054 1299 1162 1361 nbestd

24 1374 155 1426 Parrha.
168 1383 196 1424 et
207 1371 306 1424 Gilenii
320 1373 412 1438 libris,
431 1385 510 1426 etiem
525 1395 540 1428 e
555 1377 672 1427 llomeno
685 1375 875 1439 vetustissimo,
893 1375 938 1444 qui
951 1377 1099 1448 opeeheut
1114 1394 1161 1429 suo

23 1461 101 1494 more
125 1441 230 1495 scribit.
270 1447 403 1510 Agnosces
422 1444 501 1496 leeile
521 1445 631 1496 fulcrum
649 1461 740 1495 versus
761 1463 777 1496 e
796 1445 976 1497 Grammaticis
998 1445 1161 1498 submissum.

24 1513 153 1578 (Minime
175 1511 290 1563 otiosum
310 1523 351 1563 est
370 1531 422 1582 que
436 1513 463 1566 h.
480 1515 514 1580 l.,
537 1515 585 1566 sed
604 1513 690 1580 iungit
700 1512 759 1564 inne
778 1514 847 1566 uelis
861 1516 991 1577 membre3
1009 1515 1063 1568 rid.
1080 1518 1111 1580 Q.
1127 1517 1162 1568 V.

22 1582 184 1644 mun,
201 1583 242 1642 23
267 1581 338 1650 qnod
351 1581 395 1651 qni
412 1600 465 1636 nun
480 1583 677 1652 intelligerent,
695 1601 739 1634 ens
778 1593 854 1636 eruin
872 1584 1007 1654 copulem,
1031 1602 1098 1656 quae
1110 1584 1162 1638 ed-

22 1655 96 1706 ieeta
112 1651 256 1704 fortiorem
269 1650 358 1703 reddit
371 1651 524 1706 orationem.
546 1653 618 1722 Wr.)

20 1829 124 1890 supra
137 1808 253 1868 vineas.
275 1809 312 1868 cs.
330 1808 370 1868 ed
381 1829 412 1869 v.
426 1813 500 1876 267.
529 1811 578 1871 sic
619 1815 828 1888 praeceptum
856 1807 938 1868 unde
959 1808 1081 1870 Vossius
1093 1829 1161 1870 voe.
1260 1869 1264 1872 .

20 1917 98 1955 snex
130 1913 162 1954 v.
184 1893 248 1958 436
277 1915 454 1974 saepemque
488 1901 573 1956 eatis.
619 1896 694 1952 satie
721 1912 861 1953 recens
888 1903 997 1953 setes
1019 1895 1098 1954 olees
1118 1895 1161 1953 si-

19 1983 125 2040 l’orro
149 1980 225 2037 dene
246 2001 341 2038 wreus
356 1980 463 2059 ligonis
479 1982 576 2041 ecbi—
618 1978 753 2056 gnificari
775 1979 834 2056 eit5
867 1978 928 2039 hoe
955 1989 1056 2040 eutem
1083 1981 1161 2040 velle

19 2067 130 2126 dentis
145 2074 193 2123 est
200 2087 209 2142 3
230 2073 262 2123 et
275 2066 423 2124 sententis
440 2067 482 2126 sic
502 2088 577 2127 eon·
619 2065 789 2143 Virgilium,
819 2073 857 2124 ut
874 2063 986 2126 humus
1009 2066 1087 2126 circe
1109 2085 1161 2125 re-

16 2154 189 2226 stituitur,
211 2159 263 2224 ut,
293 2151 457 2212 dummodo
477 2153 576 2212 fodie-
619 2169 688 2208 cens
707 2159 786 2210 estes
804 2159 834 2209 et
852 2159 969 2212 tenerae
988 2153 1160 2213 arbusculae

16 2251 72 2300 tur
89 2247 127 2297 et
142 2235 270 2296 bidente
288 2245 342 2296 eut
355 2238 473 2298 sarculo
491 2239 577 2299 subi-
618 2235 741 2295 bidente
754 2237 905 2314 fodietur,
926 2258 1020 2318 quum
1034 2237 1157 2298 edultse

14 2335 116 2406 getur
133 2322 265 2396 humus,
287 2321 347 2382 iem
368 2321 463 2402 ipsene
483 2325 577 2385 tellu-
619 2323 694 2398 sint,
723 2321 763 2380 sd
779 2324 897 2382 fructus
909 2323 1059 2402 regendos
1072 2324 1159 2385 suffi-

14 2431 85 2472 rem
115 2407 203 2468 dicet
222 2407 413 2487 suppeditare
431 2409 502 2469 oleis
515 2409 577 2470 hu·
619 2425 686 2467 cere
709 2407 884 2468 arationem.
926 2407 968 2468 At
988 2427 1050 2468 uno
1069 2427 1159 2488 pree-

14 2515 162 2570 ωσι-ειυς
186 2493 295 2552 sivero
309 2495 576 2556 etiemnreturso-
618 2501 705 2572 cepto
734 2491 809 2552 haee
832 2493 955 2553 inclusit
981 2493 1158 2569 Columella,

13 2585 84 2644 lum
102 2590 139 2640 et
152 2579 317 2658 aliquando
329 2581 421 2660 megin
433 2582 575 2660 frangen—
616 2577 771 2638 bidentem
784 2587 816 2638 et
830 2578 994 2637 emtionem
1006 2578 1094 2637 simul
1102 2577 1159 2636 ed-

13 2681 70 2731 tur
100 2666 229 2748 glebae,
261 2666 399 2726 tellurem
427 2667 575 2728 submini-
616 2662 714 2722 hiberi
743 2663 864 2740 iubens,
891 2663 911 2721 1.
939 2663 959 2723 l.
984 2663 1027 2738 V,
1048 2665 1085 2738 9,
1109 2666 1158 2726 12.

12 2768 125 2816 strare
136 2751 290 2832 gravidae
298 2752 428 2832 finges,
452 2751 482 2813 ln
499 2753 575 2812 ube-
617 2749 721 2823 Quere
735 2748 873 2828 equidem
894 2747 937 2806 sic
952 2755 1067 2808 statuo:
1089 2769 1158 2808 eum

11 2863 85 2903 rem
120 2839 274 2898 olivarum
298 2847 489 2916 proventum.
514 2839 575 2897 Co-
617 2853 678 2894 esse
690 2831 1053 2914 praepositionem—sie
1067 2832 1158 2892 etism

11 2929 94 2988 lum.
112 2925 153 2999 V,
172 2923 260 2998 215
284 2925 373 2982 Nam
386 2927 575 3002 vetenepro-
616 2920 792 2980 Servius—
807 2927 838 2978 et
863 2918 927 2978 vim
954 2917 1065 2978 hebere
1083 2937 1158 2978 eon-

9 3013 122 3074 nerbie'
137 3010 308 3066 meminisse
319 3013 472 3069 convenit:
496 3031 573 3086 enen,
616 3005 806 3080 ditionelem,
836 3023 926 3084 quem
947 3005 975 3064 ei
994 3005 1089 3064 inesse
1103 3003 1158 3064 de-

9 3103 71 3182 qm'
94 3106 169 3155 aret
187 3095 346 3170 olivetum,
382 3095 573 3174 rugarefiu-
615 3099 767 3152 monstrnt
780 3091 911 3150 formula
926 3090 979 3150 ille
994 3091 1078 3150 Celso
1091 3109 1158 3149 me-

7 3199 106 3246 num
117 3203 131 3254 ,·
164 3181 220 3259 qui
247 3191 398 3255 stereoret,
434 3201 572 3254 exeram
615 3179 696 3238 xime
710 3178 901 3256 frequentate
915 3197 1030 3236 eumen
1043 3189 1154 3250 tamen,

6 3264 217 3438 2.ῗέῐὶ
230 3262 575 3432 ,tinnites
615 3277 678 3409 tr.
692 3283 785 3407 'stt
801 3273 1156 3422 „tutin

8 3457 64 3502 me
82 3439 139 3498 bie
155 3456 237 3494 armo
252 3439 337 3494 arati
358 3435 460 3510 debet,
485 3449 513 3496 et
527 3435 574 3494 bi-
616 3438 667 3499 37.
688 3434 756 3494 Non
771 3433 911 3494 disdnrile
930 3443 974 3493 est
984 3433 1157 3494 Ennianum

4 3523 167 3588 dentibus
180 3521 240 3580 alte
252 3521 466 3598 ebeumsodr'n'.
491 3522 574 3580 Ten-
613 3519 690 3580 illud
704 3541 733 3600 p.
745 3524 795 3585 62.
811 3519 883 3579 edit.
892 3519 1020 3579 Hessel.:
1040 3518 1156 3594 „Dono,

5 3615 89 3674 dem
113 3627 190 3667 eum
202 3627 316 3666 vomere
334 3615 436 3686 potest
452 3607 573 3686 quidem
615 3605 731 3680 ducite,
760 3605 859 3684 doque
883 3605 1054 3664 volentibu’
1074 3623 1157 3662 eom

1 3703 54 3760 ite
74 3693 203 3772 accipi,
224 3699 261 3752 ut
271 3692 320 3767 sit,
344 3711 413 3752 curn
428 3693 572 3769 eratione,
614 3691 728 3770 magnis
744 3691 843 3767 Dis;“
867 3689 948 3768 qued
962 3688 1099 3769 pluribus
1116 3687 1156 3746 il·

13 3817 39 3846 ..
63 3804 98 3843 e.
130 3779 227 3838 ducto
260 3797 405 3854 vomere,
438 3778 572 3838 untione
614 3775 756 3836 lustravit
768 3775 913 3834 Columna
929 3773 969 3833 ed
982 3773 1014 3833 h.
1030 3773 1050 3833 l.
1080 3773 1156 3832 aem

12 3880 121 3945 ecte,
156 3863 211 3923 sed
229 3863 330 3924 verius
349 3872 408 3940 est,
438 3871 475 3924 ut
499 3884 573 3944 sup·
614 3883 745 3938 vomere,
768 3862 789 3921 i.
807 3879 916 3920 ecum
928 3861 1071 3934 aratiam,
1092 3857 1155 3918 sire

11 3959 159 4026 lentur,
182 3969 251 4008 cum
262 3949 571 4010 ncndnurvomre:
614 3951 660 4022 si,
683 3947 734 4006 vel
752 3967 844 4027 quum
859 3957 971 4004 metr.
1014 3943 1155 4004 Similiter

7 4073 41 4097 2-
68 4044 139 4100 ‘cet
170 4047 198 4092 et
219 4035 306 4094 tellus
333 4035 448 4115 suffieit
459 4035 573 4114 fruges
615 4031 822 4107 Ge1V,too.
843 4029 1064 4105 eireumheee,
1094 4029 1114 4090 i.
1129 4049 1153 4089 e.

5 4160 20 4204 .'
53 4123 195 4197 ntiae,
220 4141 288 4178 eum
300 4121 573 4179 seeludr'turvome-
614 4121 643 4177 ei
654 4119 729 4176 leaeo
735 4117 859 4196 seem
891 4116 1003 4175 Censes
1016 4115 1155 4174 effeetus-

42 4261 51 4272 .
83 4209 178 4292 (Hoc
193 4205 288 4264 secuti
308 4205 393 4266 Voss.
413 4205 571 4265 Wunderl.
614 4223 672 4282 qne
686 4201 925 4262 coniunctionem
937 4201 1088 4280 quendem
1100 4219 1153 4260 ex-

11 4333 13 4335 -
63 4295 165 4358 [alm.
187 4291 282 4351 verbe
301 4293 345 4351 its
367 4291 571 4371 distinguunt:
612 4289 799 4370 primiteum
809 4287 989 4363 Ge.1‚190.:
1010 4287 1153 4366 „blegne-

1 4399 36 4445 et
52 4377 237 4464 gravidae,
259 4399 352 4458 quum
365 4376 571 4454 vomere,sne-
614 4393 672 4453 que
692 4393 774 4434 cunr
795 4393 903 4454 magno
924 4374 1026 4434 veniet
1042 4374 1154 4432 tritura

6 4493 81 4545 με.
135 4464 189 4524 lte
216 4461 329 4544 duplex
352 4469 572 4545 proponeretnr
614 4461 750 4521 calore.“
778 4457 990 4538 Aen.1,65.=
1019 4459 1087 4538 „Illi
1104 4459 1153 4518 in-
