2784 4988
257 371 437 450 TOMI
464 373 532 449 111.
559 373 709 454 EDIT.
737 374 965 452 PRIMAE
1106 398 1192 454 mx

61 569 258 660 nuateque
302 559 510 656 tenuerit,
560 559 600 634 in
643 559 815 661 patrium
858 583 1089 662 sermonem
1125 577 1192 640 aut
1286 659 1289 662 ι

58 659 259 736 transferre
278 662 358 738 ista
385 676 456 738 aut
476 663 618 738 imitari
643 676 682 738 et
704 663 892 740 aemulari
915 679 1024 741 recte
1046 679 1190 766 potest.

56 771 147 841 Tum
164 765 425 842 brevitatem
440 768 687 868 propositam
704 764 837 862 habui,
861 783 1053 868 quantum
1072 768 1190 850 licuit.

54 876 110 944 nu
127 875 248 944 moliri
269 877 418 970 inepte,
446 895 531 946 non
555 871 686 944 minus
706 869 829 948 debet
845 869 1010 947 infixum
1029 897 1114 948 esse
1130 875 1191 950 in-

51 973 228 1072 terpretis
264 974 433 1068 animo,
476 997 594 1074 quam
627 987 781 1073 poetae.
841 972 1026 1074 Inprimis
1057 990 1191 1054 autem

48 1075 139 1151 illud
161 1101 354 1153 aureum
368 1075 484 1152 Plinii
514 1076 662 1151 dietum
684 1079 882 1153 memoria
902 1079 1080 1156 excidere
1106 1105 1190 1157 non

45 1205 177 1280 passus
206 1205 327 1276 sum,
359 1178 473 1281 quod
492 1179 533 1254 in
555 1179 710 1256 bouum
728 1180 990 1281 interpretem
1010 1205 1093 1258 non
1114 1186 1190 1260 mi-

45 1309 134 1380 nus,
162 1308 299 1384 quam
322 1284 369 1358 in
391 1283 522 1360 virum
547 1282 820 1358 verecundum
841 1283 960 1361 cadit:
986 1300 1023 1362 ιιι
1039 1295 1128 1364 nihil
1140 1295 1192 1364 ad

43 1395 343 1480 Mutationem,
384 1393 506 1466 mnata
528 1393 582 1462 od
610 1383 860 1463 corrodentium
884 1392 1083 1487 rcffmnm
1113 1390 1193 1466 hoc

46 1505 117 1584 est,
146 1505 193 1567 ut
210 1520 289 1568 ιιοιι
305 1496 398 1566 mihi
412 1503 528 1565 notas
547 1491 817 1590 appingerem‚
844 1497 911 1568 ced
925 1499 1071 1592 legenti.
1122 1497 1192 1570 Et-

47 1593 321 1670 silatendum
348 1607 427 1690 est,
449 1594 511 1668 vix
531 1591 660 1668 ullum
686 1591 791 1669 aliud
813 1593 990 1671 studium
1013 1609 1094 1675 tam
1120 1623 1191 1698 pa-

50 1724 134 1772 mm
163 1697 216 1773 ad
241 1711 408 1774 certum
434 1695 643 1772 consilium
671 1721 715 1772 ac
738 1695 864 1774 finem
887 1701 1141 1801 attemperari
1169 1727 1191 1776 a

53 1799 275 1904 plerisque,
307 1813 349 1876 et
371 1825 540 1900 operam
566 1798 819 1878 edendorum
843 1801 1190 1880 illustrandorum-

55 1931 125 2004 qne
147 1907 402 2006 scriptorum
421 1903 661 2004 plerumque
687 1903 789 1980 adeo
811 1906 1003 1981 incertam
1023 1920 1063 1982 et
1083 1906 1190 1984 male

54 2009 400 2109 circumscriptam
433 2007 580 2104 vagari,
618 2019 665 2082 ut
697 2008 792 2107 quid
823 2009 895 2084 sihi
924 2009 1189 2111 sequendum,

56 2113 146 2210 quid
167 2110 453 2188 omittendum
479 2123 596 2206 esset,
633 2111 820 2186 omnibus
848 2110 928 2187 aliis
946 2114 1071 2211 magis
1094 2139 1192 2190 con-

58 2217 190 2291 stitisse
203 2215 348 2293 videas
366 2238 487 2314 quam
504 2213 733 2292 editoribus.
765 2214 890 2314 Digna
907 2239 971 2290 res
990 2231 1059 2314 est,
1088 2243 1190 2320 quae

60 2319 129 2394 alio
144 2319 238 2395 loco
253 2318 497 2412 accuratius,
523 2314 628 2394 forte
645 2318 763 2395 etiam
783 2320 1063 2419 opportunius,
1086 2345 1106 2396 a
1122 2347 1190 2398 me

63 2437 298 2524 exponatur3
327 2445 437 2496 nunc
451 2420 511 2496 'ad
526 2419 597 2495 alia
614 2419 921 2521 procedendum
943 2436 1010 2502 est.

156 2527 304 2604 Mouui
320 2523 429 2600 sorte
446 2524 648 2599 interdum
664 2524 867 2620 nonnulla,
896 2551 998 2628 quae
1016 2539 1107 2602 ante
1122 2551 1190 2604 me

67 2629 109 2702 ab
126 2629 227 2720 aliis,
257 2630 383 2704 etiam
402 2653 470 2727 per
498 2626 573 2704 hos
594 2653 738 2724 annos,
772 2653 873 2730 quos
894 2631 934 2703 in
952 2628 1114 2726 Virgilio
1129 2629 1191 2703 in-

10 1662 15 1717 l

67 2731 322 2834 terpretando
346 2757 422 2832 per
443 2730 644 2806 intervalla
672 2732 893 2825 consumsi‚
920 2733 1000 2806 iam
1023 2755 1192 2830 occupa·
1258 2763 1262 2772 ·
1297 2775 1300 2782 =

69 2847 100 2908 ta
122 2835 259 2928 fuere;
308 2835 425 2912 omisi
455 2831 560 2910 sorte
585 2833 673 2932 alia,
723 2859 825 2935 quae
850 2833 899 2910 ab
933 2831 1014 2910 aliis
1036 2835 1192 2931 egregie

60 2937 247 3026 ,illustrata
263 2951 368 3015 sunt.
393 2943 477 3014 Nec
499 2936 658 3034 dubito,
684 2935 811 3014 multa
826 2950 1059 3013 ornamenta
1076 2961 1192 3014 meae

70 3067 206 3142 operae
234 3041 335 3118 inde
364 3041 554 3118 accedere
576 3043 769 3141 potuisse,
808 3041 839 3116 si
858 3041 986 3116 varios
1012 3041 1191 3116 virorum

70 3143 278 3222 doctorum
291 3145 411 3219 critici
424 3145 645 3243 argumenti
656 3142 812 3220 libellos
826 3144 1010 3220 evolvere
1025 3169 1068 3219 ac
1080 3169 1191 3220 com-

69 3275 200 3348 parare
223 3249 458 3352 potuissem.
512 3247 593 3323 Sed
615 3247 811 3345 animum,
843 3249 955 3326 variis
981 3249 1081 3324 curis
1111 3250 1190 3325 iam

68 3355 114 3428 sic
135 3355 226 3434 satis
248 3353 488 3447 districtum,
513 3375 621 3426 novo
649 3364 689 3426 et
701 3349 877 3427 molesto
896 3352 1027 3428 studio
1048 3375 1191 3460 onera-‚-

68 3481 105 3532 re
121 3484 167 3534 ac
193 3455 425 3559 deprimere
441 3481 583 3556 parurn
611 3453 838 3530 consultum
861 3469 961 3550 erat3
991 3469 1078 3530 tum
1093 3477 1190 3530 vero

68 3561 138 3637 iun
171 3575 266 3638 ante
289 3558 494 3661 professus
524 3583 632 3654 sum,
676 3557 798 3680 idcpre
822 3558 1042 3634 etiamnum
1064 3556 1191 3657 profi-

69 3677 168 3762 teor,
201 3665 356 3740 habere
385 3687 455 3738 me
485 3661 564 3738 hoc
595 3663 635 3737 in
666 3675 787 3758 votis,
821 3675 866 3738 ut
893 3661 944 3736 ad
971 3661 1191 3738 editionem

69 3767 162 3844 hanc
194 3769 310 3846 novis
341 3766 445 3844 curis
476 3764 771 3841 emendandam
800 3790 843 3841 ac
869 3763 1190 3864 locupletandam

71 3871 271 3948 conserant
294 3895 385 3947 suas
412 3893 510 3970 opes
535 3881 575 3944 et
597 3868 728 3968 copias
753 3867 824 3942 viri
848 3867 954 3942 docti
972 3880 1012 3942 et
1030 3865 1190 3968 publice

72 3989 308 4077 proponant,
338 3973 469 4077 quiin
492 3985 612 4072 poeta
633 3969 934 4071 interpretando
952 3995 998 4046 ea
1017 3983 1190 4049 utentur.

74 4079 120 4154 lta
136 4081 300 4158 demum
323 4075 524 4178 expectari
541 4087 691 4176 potest,
717 4087 763 4149 ut
784 4098 965 4149 summus
989 4087 1108 4174 poeta
1131 4073 1191 4147 di-

32 4167 39 4182 ·
78 4201 176 4276 gum
195 4209 238 4262 se
254 4183 511 4262 nanciscatur
529 4178 908 4280 interpretationem.
963 4179 1064 4254 Sunt
1084 4177 1191 4252 enim

80 4283 194 4366 iuhoc
214 4311 372 4392 genere
400 4284 630 4378 innumera,
662 4282 703 4354 in
792 4305 838 4356 ae
873 4279 1020 4356 incidas
1047 4279 1192 4381 potius,

83 4411 170 4488 tuam
191 4411 234 4474 ut
260 4421 310 4474 ea
336 4383 583 4466 meditando
606 4397 724 4460 extun
778 4408 815 4480 s,
843 4407 918 4460 nec
937 4384 1054 4460 unius
1077 4379 1190 4458 sacile

113 4517 249 4601 lucu.
280 4507 462 4594 Torcl
957 4499 984 4577 d
