2784 4988
383 305 656 380 PHILIPPI
681 306 985 382 WAGNERI.
1195 328 1253 380 vu

1 539 2 546 Ν
116 495 197 581 hoc
233 497 291 582 in
327 527 494 613 genero
531 513 814 582 mutaverunt
848 494 942 580 iam
980 493 1254 582 Wunderli-

116 613 264 721 chius,
301 631 369 722 et,
400 616 523 701 hunc
552 635 601 700 ut
629 614 877 732 plurimtuu
903 631 1108 722 secutus,
1147 615 1253 700 Iah-

111 762 225 818 mus.
1156 801 1159 810 .

228 849 472 967 Heynium
517 851 621 936 satis
660 866 832 935 constat
875 850 1251 967 interpretationis

107 971 320 1054 maxime
339 970 563 1054 rationem
577 969 805 1073 habuisse,
828 996 926 1052 rem
942 969 1142 1054 criticam
1158 999 1252 1055 non
1321 1077 1326 1086 ι

107 1115 258 1200 aeque
286 1115 491 1173 curasse.
550 1085 657 1172 Erat
681 1087 896 1170 nimirum
922 1085 971 1170 id
990 1085 1156 1201 Heynii
1180 1088 1250 1172 in-

106 1207 325 1321 genium,
356 1222 409 1289 ut
438 1207 488 1289 in
514 1203 696 1288 edendis
725 1232 753 1288 a
775 1233 824 1288 se
856 1205 1144 1318 scriptoribus
1169 1233 1250 1290 au-

103 1323 246 1437 tiquis
288 1351 391 1408 eam
421 1322 706 1440 potissimum
729 1322 949 1406 rationem
973 1322 1250 1434 sequendam

104 1442 192 1526 sibi
232 1458 447 1558 putaret,
486 1467 601 1552 quae
642 1441 702 1525 ad
737 1441 884 1556 ipsam
913 1440 1151 1525 lectionem
1180 1439 1250 1525 in-

105 1561 440 1671 tellectumque
477 1576 588 1642 esset
616 1555 995 1663 fructuosissima,
1036 1559 1093 1644 ab
1127 1560 1248 1643 omni

106 1678 427 1782 contentione,
457 1705 553 1760 rem
575 1676 776 1761 criticam
805 1677 1012 1760 tractanti
1040 1704 1249 1761 necessa-

104 1795 171 1880 n'o
188 1795 459 1899 subeunda,
478 1794 786 1878 alienissimus.
816 1793 871 1878 Et
888 1822 1030 1906 quum
1047 1795 1107 1878 ad
1125 1783 1248 1880 surn-

106 1936 180 2000 ma
213 1913 381 1996 omnia
416 1929 549 1996 natus
589 1929 702 1996 esset
732 1909 815 1995 Vir
845 1911 1059 2016 eximius,
1098 1911 1246 2018 facile,

106 2033 142 2116 si
173 2059 236 2115 eo
264 2029 531 2114 inclinasset
554 2030 751 2134 animus,
782 2029 832 2113 in
854 2029 941 2113 hoc
966 2059 1146 2142 quoque
1171 2059 1247 2145 ge-

106 2177 219 2234 nere
253 2148 417 2234 ceteris
449 2148 661 2232 excellere
691 2146 917 2264 potuisset.
980 2147 1068 2232 Sed
1084 2147 1168 2231 fuit
1192 2175 1247 2232 ca

107 2267 241 2352 istius
285 2264 467 2370 aetatis,
508 2265 598 2378 qua
636 2266 932 2350 inclarescere
971 2264 1045 2350 ille
1088 2265 1244 2380 coepit,

106 2387 262 2490 labes,
303 2400 356 2466 ut
388 2382 573 2494 quidam
603 2409 727 2469 acres
758 2383 873 2468 inter
908 2411 955 2467 se
987 2399 1246 2468 exercerent

108 2501 377 2588 iuimicitias
409 2500 554 2585 critici
581 2501 837 2612 rusticoque
867 2527 915 2584 se
946 2501 1142 2586 invicem
1166 2528 1246 2584 ex-

109 2623 351 2737 agitarent.
431 2613 561 2722 Quae
607 2647 680 2703 res
718 2617 966 2732 Heynium,
1010 2617 1245 2701 hominem

109 2739 326 2823 omnimo
348 2736 635 2820 mitissimum
659 2753 703 2822 et
727 2763 879 2821 veram
904 2734 1122 2854 philologi
1146 2735 1246 2818 lau-

110 2856 220 2942 dem
244 2857 296 2938 in
319 2855 598 2939 humanitate
615 2859 880 2965 morumque
898 2851 1244 2937 mansuetudine

108 2989 383 3092 ponentem,
420 3001 514 3057 non
542 2975 686 3089 potuit
714 3001 808 3057 non
844 2973 915 3056 vel
944 2971 1133 3054 invitum
1163 2967 1244 3053 de-

110 3109 284 3176 terrere
324 3093 382 3174 ab
423 3116 477 3173 ea
506 3119 577 3194 re,
617 3120 755 3202 quam
792 3089 996 3174 rixarum
1033 3087 1242 3172 atrocitas

112 3209 313 3292 invisam
343 3205 529 3292 reddere
553 3209 738 3294 deberet
763 3206 938 3290 homini
966 3234 1051 3291 neo
1085 3203 1242 3290 alienis

112 3327 288 3410 meritis
331 3325 547 3408 invidenti
583 3325 956 3436 obtrectantique,
992 3351 1077 3408 nec
1110 3350 1243 3407 suam

111 3445 288 3530 lamam
318 3444 367 3526 in
396 3469 561 3558 anceps
600 3461 823 3529 certamen
855 3441 1131 3526 committere
1161 3467 1243 3524 ou-

111 3562 269 3678 pienti.
330 3559 438 3646 Erat
475 3559 607 3676 igitur
636 3561 741 3646 novi
772 3560 973 3666 editoris,
1010 3559 1131 3644 hanc
1169 3557 1242 3640 in-

112 3680 270 3798 primis
300 3695 479 3795 partem
509 3679 706 3793 expolire
737 3695 779 3762 ct
808 3677 1046 3794 perlicere,
1089 3675 1242 3789 quoad

113 3799 206 3882 eius
247 3795 350 3880 fieri
387 3823 509 3880 nunc
537 3813 696 3914 posset.
756 3792 1048 3906 Quamquam
1089 3809 1241 3877 autem

113 3913 444 4031 intelligebam,
476 3941 612 4024 quam
636 3914 862 4000 lubricum
887 3913 970 3999 iter
989 3910 1241 4025 ingredien-

114 4032 219 4118 dum
245 4048 365 4117 esset
393 4059 623 4144 quamque
648 4059 864 4148 praeceps
890 4031 949 4115 ad
975 4029 1239 4132 labendum3

112 4177 395 4265 quamquam
440 4147 596 4256 etiam,
639 4167 746 4261 quot
783 4150 832 4233 in
869 4145 1239 4264 reprehensiones

109 4271 379 4356 incursurus
402 4293 559 4372 essem,
588 4267 811 4374 ridebam,
843 4267 968 4352 fortis
985 4283 1138 4350 tamen
1155 4261 1240 4346 riri
1334 4265 1339 4286 “
