2710 4998
198 375 309 428 catut
581 349 961 427 ARGUMENTA

197 541 364 608 Misenum
377 535 506 627 sepelite
529 559 628 603 mons
641 549 748 604 servat
763 559 888 604 nomen
905 534 1044 601 humati.

198 627 344 693 [lantum
360 625 477 703 etiam,
499 635 576 688 ante
592 623 692 689 deum
706 623 838 710 placato
853 621 1010 702 numine,
1032 634 1161 708 portat.

198 717 240 778 At
261 723 346 777 vates
362 711 518 793 longaeva
537 707 783 774 condescendit
803 709 985 774 Avernum.

199 797 353 879 Agnoscit
371 795 581 873 Palinurum,
604 805 636 858 et
650 793 698 858 ibi
718 793 845 858 solatur
861 792 1000 857 Elisem.
1099 833 1114 870 ,ι

195 881 480 970 Deiphobumque
501 878 588 944 videt
605 878 750 944 lacerum
767 878 948 942 crudeliter
960 899 1028 943 ora.

196 967 410 1034 Umbrarum
423 985 547 1052 poenas
561 964 655 1030 discit
669 975 824 1028 narrante
836 961 973 1048 Sibylla.

197 1051 361 1117 Convenit
377 1049 553 1113 Anchisen:
577 1049 774 1137 penitusque
788 1048 821 1112 iu
838 1048 923 1112 valle
939 1049 1056 1112 virenti

199 1137 419 1224 Agnoscitque
437 1155 531 1198 suam
548 1133 680 1222 prolem
694 1143 903 1198 monstrante
918 1147 1065 1220 parente.

199 1223 284 1288 llaec
300 1221 355 1286 ubi
369 1219 535 1309 percepit,
556 1219 721 1306 graditur,
741 1218 915 1304 sociosque
930 1218 1049 1284 revisit.

639 1371 881 1424 SEPTIMI

198 1461 258 1525 Hic
274 1476 410 1548 quoque
425 1457 568 1522 Caietam
585 1457 717 1544 sepelit5
740 1469 813 1524 tum
831 1457 947 1524 deinde
966 1455 1141 1546 profectus

201 1549 405 1610 [taurentum
418 1543 527 1608 venite
555 1542 639 1606 hanc
653 1543 759 1608 verbis
775 1545 930 1628 coguovit
945 1543 1008 1608 luli

197 1629 342 1694 Fatalem
357 1640 496 1694 terram.
543 1627 663 1692 Mensis
679 1651 719 1694 eo
736 1630 917 1706 vescimur,
939 1628 1062 1716 inquit.

198 1716 342 1780 Centum
356 1723 504 1778 oratores
519 1712 647 1776 veniam
661 1735 843 1801 pacemque
858 1725 1007 1800 petentes

198 1800 247 1866 Ad
272 1821 385 1886 regem
407 1796 509 1862 mittit
525 1793 626 1862 lectos
645 1809 720 1862 tum
739 1811 829 1863 sorte
850 1799 1020 1863 Latinum:

198 1885 364 1966 Quicum
385 1903 465 1971 pace
489 1882 588 1946 etiam
611 1897 706 1948 natae
725 1883 890 1948 connubia
909 1895 1035 1972 pactus.

200 1971 270 2036 llos
282 1967 370 2034 forte
385 1967 496 2032 Alecto
513 1967 652 2032 Iunonis
668 1968 804 2055 dissipat
818 1969 874 2032 ira.

198 2055 413 2120 Concurrunt
427 2051 536 2128 dictis,
559 2053 711 2139 quemvis
729 2054 783 2141 pin
798 2052 865 2118 fata
880 2065 1076 2142 repugnent.

198 2138 282 2204 Belli
295 2159 407 2203 caussa
420 2135 485 2201 luit
502 2138 643 2204 violatus
659 2137 795 2204 vulnere
807 2161 933 2204 cervus.

198 2223 290 2290 Tum
308 2234 420 2312 gentes
433 2222 521 2288 socia
537 2244 629 2287 arma
642 2235 777 2311 parant:
799 2223 912 2288 fremit
926 2247 1020 2289 arma
1031 2225 1199 2290 iuventus.
1288 2230 1327 2289 80

649 2377 862 2431 OCTAVI

199 2463 260 2526 Dat
285 2460 363 2526 tatli
383 2462 522 2548 signum¹
538 2462 694 2528 Laurenti
711 2463 849 2528 Turnus
868 2461 909 2528 ab
929 2486 1012 2529 arce.

199 2547 344 2616 Mittitur
359 2558 455 2611 etms
480 2548 514 2612 oi
531 2548 677 2614 Venulus
691 2548 859 2614 Diomedis
875 2547 916 2612 ad
933 2551 1063 2628 urbem,

199 2633 266 2714 Qui
283 2643 373 2721 petat
384 2570 567 2712 auxilium,
591 2644 623 2698 et
636 2633 767 2711 doceat,
789 2655 875 2720 quae
888 2656 999 2700 caussa
1011 2634 1158 2724 petendi.

200 2724 321 2783 Aeneas
340 2719 455 2782 divum
478 2717 614 2782 monitis
638 2718 704 2783 adit
724 2719 847 2784 Arcada
871 2741 982 2805 regem

200 2803 409 2881 Evandrum,
434 2802 567 2868 Arcadia
608 2803 783 2890 rolugum,
810 2825 893 2869 nova
911 2827 1010 2891 regna
1025 2817 1207 2893 petentem.
1284 2807 1323 2870 85

200 2889 325 2976 Accipit
341 2888 514 2953 auxilium.
593 2889 643 2952 uic
657 2901 792 2968 natum,
815 2900 846 2954 et
859 2890 945 2954 socia
961 2892 1092 2977 agmina
1110 2891 1223 2978 iungit

199 2973 359 3038 Evander.
402 2973 505 3038 Pallas
517 2971 592 3038 fatis
606 2996 717 3039 comes
732 2974 798 3038 ibat
811 2974 940 3060 iniquis.

199 3057 335 3142 lamque
353 3057 468 3122 habilis
486 3058 588 3134 bello,
610 3070 640 3122 et
654 3059 808 3122 maternis
825 3059 928 3124 laetus
944 3059 977 3123 in
993 3061 1105 3140 armis,

200 3139 356 3226 Fataque,
377 3141 598 3230 fortunasque
615 3143 757 3219 ducum,
780 3167 939 3231 casusque
954 3167 1095 3210 suorum

199 3225 342 3290 Sortitus
360 3224 486 3314 clipeo,
506 3229 616 3294 divina
628 3230 774 3294 intentus
792 3231 825 3293 in
841 3241 910 3293 arte
924 3241 980 3294 est
1120 3303 1122 3310 ¹
1284 3235 1321 3296 9⁰

688 3366 715 3416 Ν
733 3368 754 3416 0
772 3365 798 3416 N
815 3365 827 3414 1

198 3449 308 3534 Atque
325 3469 360 3512 ea
375 3447 501 3512 diversa
517 3450 648 3538 penitus
665 3449 748 3515 dum
766 3461 860 3539 parte
874 3463 1047 3536 geruntur,

232 3621 267 3675 68
279 3621 298 3672 f.
318 3623 398 3673 Canv.
418 3620 558 3672 Anchisen
577 3624 691 3694 penitus
706 3624 736 3675 in
778 3622 887 3676 Lavinia
914 3623 1130 3691 assignavereat3
1163 3633 1192 3676 et
1212 3628 1246 3678 cf.
1263 3625 1319 3688 vtt,

197 3689 272 3741 arata
289 3691 404 3756 virenti,
426 3693 463 3742 A.
489 3692 519 3742 ln
538 3689 644 3743 Viooht.
660 3694 737 3744 vire-
779 3695 839 3748 583.
857 3693 917 3746 584.

197 3777 265 3809 mus.
286 3761 347 3812 Wr.
815 3765 850 3816 80
870 3765 987 3814 Tunc·
1001 3764 1106 3814 sociare
1116 3764 1150 3814 V.

231 3828 266 3881 69
283 3839 418 3880 narrante
433 3829 467 3880 V.
816 3833 849 3886 81
867 3831 1006 3883 Praecedit
1024 3830 1053 3882 in
1074 3831 1184 3883 Viaclat.
1204 3833 1248 3884 laic
1268 3850 1313 3883 re:

230 3897 264 3949 71
282 3897 420 3948 Praecedit
443 3897 472 3948 ia
495 3896 601 3950 Viecht.
622 3896 667 3950 hic
686 3915 738 3948 vn:
780 3903 937 3972 Praeparat
948 3913 1047 3952 octava
1055 3899 1133 3970 (wo)
1149 3899 1320 3972 bellaeaquae

197 3966 335 4036 Septimus
349 3971 471 4019 Aeneam
493 3965 585 4019 reddit
599 3963 740 4038 fatalibus
780 3971 913 4020 minaria
929 3970 1023 4024 bosus.

197 4034 281 4086 arvis.
815 4041 850 4093 86
868 4041 969 4090 socium
983 4041 1017 4090 V.

231 4099 267 4155 74
302 4119 375 4153 ocem
393 4105 501 4156 veniam
521 4123 556 4156 ue
571 4105 605 4158 V.
811 4109 849 4161 90
864 4109 884 4159 f.
908 4111 1031 4162 dfiratur
1047 4107 1135 4180 clipeo
1155 4110 1253 4162 diuina
1274 4109 1317 4160 ia-

230 4171 266 4224 77
286 4207 293 4221 .
311 4174 471 4224 HocFuria
479 4123 584 4226 Alecto.
602 4175 635 4225 Et
646 4172 736 4241 paullo
779 4186 874 4228 antus
886 4178 915 4230 in
930 4189 1007 4240 arte5
1026 4195 1103 4230 cesus
1122 4179 1151 4232 in
1173 4179 1261 4250 clipeo
1273 4195 1317 4228 ax-

196 4239 290 4290 antet'·
307 4253 393 4292 nctae
413 4253 455 4293 ast
476 4241 612 4295 connubia
627 4253 736 4313 pactus.
778 4262 893 4312 pressos.

230 4310 265 4363 ⁷8
277 4309 297 4361 i.
315 4313 487 4362 Concurrunt
498 4311 595 4382 sistro,
621 4321 651 4363 ut
675 4313 736 4363 Me-
812 4315 845 4368 91
864 4317 894 4365 Iu
907 4314 1013 4368 Vieoht.
1024 4313 1207 4384 praemittitur
1218 4315 1263 4369 laic
1275 4331 1315 4366 rs:

195 4393 266 4448 aeg,
281 4379 325 4431 vel
344 4383 371 4431 0.
384 4381 497 4444 Rutuli,
515 4399 540 4451 q.
561 4385 635 4433 Fata
650 4390 736 4433 antem
778 4383 879 4435 Nonus
891 4383 973 4436 debet
982 4403 1096 4458 pugnans
1106 4387 1251 4440 nec'ndeat
1264 4385 1315 4437 aaa

196 4465 249 4500 noa
262 4450 369 4514 Turno,
385 4449 433 4501 sed
445 4453 548 4503 Aeneae
559 4449 664 4502 Latium
678 4467 735 4504 oum
775 4453 835 4523 ipae
847 4453 977 4507 tumultu.
