2784 4988
197 369 317 448 ron
344 371 400 450 n
430 371 568 449 nun.
596 369 808 448 srcuno.
823 369 1032 449 Lxxxvn
1090 387 1182 446 rm
1242 344 1247 352 ’

79 563 152 636 intra
164 555 260 636 haud
273 556 444 634 multos
459 581 585 638 mnos
602 555 855 637 obsolescant
871 581 1012 634 omnes
1025 557 1102 635 hae
1116 557 1186 634 lit-

77 661 191 740 tcrulae
207 665 432 742 Romanae
448 686 492 738 ac
507 665 698 756 Graecae,
729 675 877 738 extaret
890 653 1031 738 salte'm
1046 687 1180 738 exem-

74 766 137 870 plar
148 766 320 868 aliquod,
361 763 524 870 quode
544 760 716 842 meliore
732 779 772 842 et
787 761 1053 843 fructuosiore
1068 780 1178 843 vete·

71 897 117 948 ru
132 884 257 972 poetas
276 869 458 970 legendi
484 882 524 948 et
544 869 831 972 interpretandi
853 870 1005 946 ratione
1023 883 1179 948 consta-

70 989 112 1050 ret
135 976 190 1069 iis,
228 975 386 1076 quibus
425 975 536 1052 bona
571 971 769 1049 institutio·
798 969 908 1049 haud
943 973 1177 1072 contigisset.

68 1085 127 1156 Nec
145 1079 271 1155 minus
295 1091 544 1156 constanter
566 1077 956 1168 institutummeum
976 1077 1121 1154 retinui
1135 1078 1177 1153 in

66 1195 178 1284 poetae
202 1181 396 1259 doctrina
427 1178 679 1276 declaranda,
715 1180 827 1282 quod
842 1178 942 1256 illud
957 1180 1177 1257 cumvolu-

64 1289 150 1386 ptatis
169 1301 255 1364 tum
274 1285 473 1364 utilitatis
503 1281 679 1360 fructum
706 1283 857 1363 habere
887 1307 964 1360 usu
995 1298 1178 1462 expertus

65 1389 474 1484 ermincredibilem3
503 1389 841 1491 itaquoExcursus
860 1411 945 1464 non
959 1411 1030 1463 mo
1062 1411 1087 1462 o
1108 1412 1178 1486 ve-

63 1507 141 1570 teres
161 1495 311 1596 passim
334 1491 575 1586 retractavi,
608 1517 749 1568 verum
776 1516 903 1568 noros
928 1515 1093 1593 quoque
1110 1488 1179 1566 ali-

63 1612 137 1700 quot
155 1599 310 1678 attcxui.
371 1602 473 1694 Quo
499 1594 666 1698 quidem
689 1594 790 1672 illud
816 1591 1008 1672 effectum
1031 1595 1177 1698 putavi,

62 1702 163 1778 uthac
175 1717 326 1804 poetae
343 1701 504 1778 summi
520 1700 769 1779 enarratione
784 1722 926 1798 magna
944 1697 1076 1774 omnis
1088 1723 1176 1774 me·

63 1803 142 1882 loris
167 1805 429 1884 litteraturae
456 1802 774 1906 liberaliorisque
804 1803 1058 1880 institutionis
1080 1801 1176 1904 pars

64 1913 332 2010 attineretur,
368 1921 505 2010 utque
520 1932 614 1985 vere
631 1905 708 1983 dici
722 1920 762 1982 et
781 1921 857 1983 ate
878 1906 1014 1983 sentiri
1028 1919 1183 2008 posset*

64 2013 207 2114 perlecto
228 2016 311 2092 rite
337 2025 472 2116 poeta
493 2010 676 2114 principe
697 2010 748 2086 ad
770 2035 936 2087 omnem
958 2005 1175 2108 elegantio-

63 2141 127 2193 rem
150 2119 386 2196 doru-inam
419 2115 665 2218 aliquantum
696 2127 738 2191 te
763 2111 991 2217 profecisse.
1026 2117 1107 2192 Ser.
1122 2118 1175 2193 Μ

64 2220 139 2300 lulio
162 2243 486 2304 uomccmxvr.
