2654 5000
192 333 263 404 ao
302 329 578 406 carmus
612 290 918 419 encourca
1057 337 1110 410 n

109 517 239 590 interea
253 513 384 590 Pollio
398 515 481 590 sive
495 517 670 591 terrestri
694 517 834 594 itinere
847 541 975 618 prope
993 541 1105 595 marc

45 616 248 714 descendens,
287 620 370 694 sive
395 617 584 694 advocato
616 621 793 697 Domitio
825 622 866 696 in
885 622 1105 714 Venetiam,

44 719 157 796 classem
182 723 261 798 eius
294 746 387 798 cum
408 725 490 798 VIL
510 721 733 819 legionibus
761 724 839 800 suis
864 724 1104 820 conscendit,

43 822 151 898 obvim
181 826 350 904 Antonio
394 825 528 914 iturus.
580 826 831 927 Appulerunt
866 829 1027 904 Antonii
1067 841 1106 902 et

41 928 155 1002 Domitii
186 925 439 1005 Ahenobarbi
480 927 622 1004 classes
663 955 792 1031 prope
823 929 1104 1026 Brundusium,

41 1028 84 1102 uhi
100 1029 181 1106 duae
200 1030 395 1128 legiones,
430 1045 637 1108 terrestres
660 1034 824 1110 Domitii
852 1035 1006 1134 copiae,
1044 1057 1105 1110 ca-

42 1145 197 1208 stnerant
212 1147 391 1212 metatae.
442 1135 711 1212 andusium
734 1138 935 1215 Octaviani
965 1147 1107 1212 tenue-

43 1249 122 1323 nnt,
154 1237 320 1338 ideoque
352 1239 517 1322 introitu
540 1253 721 1316 recusato
755 1241 951 1317 Antonius
978 1263 1108 1339 oppu-

41 1360 121 1432 gnare
138 1343 267 1440 coepit
318 1340 453 1418 ltaliae
475 1341 574 1420 haec
598 1355 681 1416 erat
694 1341 889 1436 conditio,
921 1357 966 1420 ut
982 1341 1108 1418 fames

42 1465 88 1536 per
103 1456 207 1518 totam
229 1443 382 1523 Italiam
399 1446 477 1519 iam
493 1470 567 1544 per
585 1447 784 1543 integrum
799 1471 956 1522 artuum.
967 1459 1007 1520 et
1021 1444 1108 1522 diu-

43 1544 92 1616 tiu
110 1543 243 1623 lnreret
271 1549 529 1641 atrocissima,
568 1574 694 1648 quum
720 1550 921 1626 Domitius
944 1549 1109 1626 Aheno·

42 1644 143 1723 lubus
164 1651 202 1726 in
222 1652 350 1747 Ionio,
378 1655 480 1730 Sext.
499 1652 715 1752 Pompeius
736 1654 777 1728 in
799 1651 943 1730 Siculo·
956 1667 996 1732 ct
1010 1657 1108 1748 Tyr,-

42 1747 129 1826 rleno
151 1755 311 1830 manet
336 1779 382 1829 ex
405 1753 540 1832 insulis
560 1754 873 1834 intercluderent
903 1779 1107 1834 commea-

41 1865 104 1927 tun.
143 1861 224 1938 Non
253 1857 385 1934 solum
405 1859 515 1955 regio
542 1860 725 1936 Perusiae
749 1860 892 1952 vicina,
932 1859 1004 1938 sed
1025 1872 1108 1936 tota

41 1968 122 2056 nque
141 1963 311 2040 universa
342 1960 451 2038 ltalia
478 1986 524 2038 ex
548 1961 737 2041 divisione
762 1976 1014 2060 agrorumet
1032 1967 1109 2038 Pe

42 2061 268 2142 mirobello
307 2077 509 2143 commota
546 2077 639 2146 erat.
699 2067 775 2160 Qui
805 2065 999 2143 tumultus
1019 2079 1108 2140 tan-

41 2173 96 2234 tun
117 2165 234 2245 aberat
251 2181 298 2244 ut
321 2181 453 2244 essent
472 2170 662 2268 repressi,
697 2183 743 2246 ut
765 2170 937 2246 maiores
958 2170 998 2246 in
1024 2169 1109 2244 dies

41 2261 97 2340 lioi
122 2269 347 2349 riderentur.
408 2271 612 2350 Discordia
642 2273 747 2350 inter
775 2273 1035 2350 Octavianum
1070 2283 1110 2346 et

42 2373 207 2448 ,lutonitnn
229 2387 426 2462 creverat3
477 2376 674 2454 Antonius
710 2376 790 2450 iarn
828 2377 987 2450 accessit
1018 2399 1110 2449 cum

40 2470 168 2550 Domitio
197 2491 234 2552 et
260 2477 464 2573 Pollione,
515 2479 685 2560 navibus
716 2491 757 2556 et
789 2475 963 2552 militum
998 2477 1111 2575 copia

43 2573 217 2656 abundante
239 2581 462 2658 instructus
513 2581 715 2660 Favebant
739 2581 774 2656 ei
797 2578 944 2656 milites
970 2580 1011 2652 in
1034 2582 1112 2656 lta-

42 2671 77 2752 lia
116 2683 315 2762 Octaviano
336 2682 456 2760 dubia
477 2681 563 2760 fere
588 2683 695 2786 apud
717 2681 865 2760 multos
894 2681 1113 2768 auctoritas,

41 2780 85 2852 ted
101 2786 191 2884 apud
205 2787 339 2888 plures
357 2799 466 2884 grata
486 2808 672 2886 agrorum
688 2785 873 2864 datorum
896 2784 1114 2872 memoria;

42 2885 112 2978 apud
131 2890 222 2968 cives
240 2893 381 2990 ingens
406 2890 555 2971 odium.
606 2893 746 2991 Itaque
766 2888 860 2967 belli
882 2888 1001 2965 civilis
1015 2888 1114 2985 igni-

43 2985 90 3060 (ΗΕ
104 3013 202 3089 n'gre
217 2996 327 3088 tecti,
350 3017 486 3094 neque
501 3019 598 3074 vero
618 2993 811 3088 restincti,
844 2993 885 3068 in
908 2989 1113 3068 flammam

43 3097 173 3190 upum
188 3099 365 3198 proxime
379 3096 625 3177 videbantur.
655 3101 864 3174 Praeterea
883 3099 983 3174 sert
991 3099 1114 3172 Pom·-

43 3194 117 3284 peius
130 3199 317 3299 instigatus
339 3225 415 3304 per
429 3203 647 3278 Antonium
667 3225 758 3278 cum
784 3222 927 3297 magna
942 3199 1114 3276 militum

43 3315 127 3374 nam
140 3303 351 3382 Sardiniam
374 3303 498 3405 cepit,
526 3303 696 3380 Thurios
733 3317 772 3384 et
795 3304 1050 3384 Consentiam
1074 3301 1115 3372 in

43 3393 113 3474 ltalia
128 3405 280 3488 obsedit.
998 3437 1002 3445 ·

110 3509 328 3595 Octavianus
344 3510 557 3612 Agrippam
577 3535 669 3586 cum
681 3508 876 3586 veteranis
897 3505 1004 3580 misit
1021 3523 1118 3576 con-
1147 3573 1149 3578 ,

46 3611 294 3695 lulutonium.
348 3619 485 3709 Quum
502 3636 679 3716 pugnare
703 3611 887 3692 nolentes
913 3607 1022 3723 signa
1048 3601 1118 3676 de-

47 3711 221 3813 setuissent,
256 3741 349 3796 cum
370 3717 446 3794 alio
469 3719 638 3796 exercitu
662 3717 745 3816 ipse
762 3708 1033 3790 Brundusium
1048 3729 1119 3802 pe·-

49 3807 96 3922 ὶῇῑ,
120 3823 300 3898 veteranis
318 3821 502 3922 quidem,
538 3821 659 3899 inscio
678 3817 918 3904 Octaviano,
944 3820 1118 3880 statuen-

49 3909 423 4014 bunuarium
455 3923 555 4001 velle
586 3937 804 4021 utrumque
838 3913 995 4030 ducem
1045 3912 1120 4028 Er-

49 4033 129 4096 eunte
142 4027 362 4126 Septembri
382 4051 458 4128 per
484 4025 756 4128 alirprotjdies,
782 4038 913 4134 quom
933 4035 1012 4086 lam
1032 4037 1120 4088 um·-

49 4139 122 4198 tersa
138 4129 234 4208 ltalia
252 4131 348 4208 belli
363 4130 456 4206 novi
474 4131 580 4206 initia
600 4132 779 4218 timeret,
808 4116 984 4232 enam-S.
1001 4118 1122 4233 Porn-

49 4223 108 4312 peio
127 4227 320 4311 infestante
342 4235 479 4327 litora,
513 4247 674 4310 mutuae
700 4219 1035 4335 exprobrationes·
1048 4241 1124 4334 rm·

49 4315 126 4404 lum
138 4337 329 4438 utriusque
346 4339 554 4431 exercitus;
580 4334 748 4412 tandem
761 4319 968 4402 Octaviam
984 4317 1125 4394 mihtes
