2784 4988
237 399 292 450 tu
379 377 445 452 EX
474 377 649 452 PRAEF.
678 374 806 452 TOM.
828 375 895 452 111.
921 376 1056 453 EDIT.
1082 375 1221 480 Pltnt.
1272 313 1276 320 ·

236 574 502 658 succurratur,
529 587 607 664 qua
624 573 855 638 resecentur
872 558 1021 638 inutilia
1035 575 1075 638 et
1094 587 1116 638 a
1133 562 1261 638 nostri
1279 585 1379 638 sae-

237 665 314 744 culi
343 665 452 741 cultu
477 691 521 741 ac
544 665 664 764 genio
690 663 835 760 aliena,
877 665 1109 741 adiiciantur
1137 679 1273 741 autem
1315 691 1379 759 ea,

238 793 340 870 quae
366 769 459 844 huic
479 767 699 844 litterarum
719 767 814 863 luci,
839 767 933 844 hnic
956 769 1133 870 poetices
1154 783 1193 843 et
1219 768 1379 844 artium

239 871 486 973 expolitioni,
513 871 684 948 acumini
702 869 981 971 philosophiae
992 871 1168 948 melioris
1183 885 1223 946 et
1237 871 1379 947 histo-

236 977 318 1052 riae
333 975 516 1052 subtilius
529 987 730 1069 tractatae,
756 975 931 1049 varietati
950 987 990 1050 et
1005 976 1142 1076 copiae
1158 975 1377 1050 doctrinae

238 1092 504 1156 consentanea
526 1080 625 1172 sint3
655 1077 730 1152 nisi
755 1079 987 1156 minuantur
1012 1102 1137 1178 porro
1151 1092 1315 1154 sumtus
1333 1079 1376 1153 in

236 1197 298 1259 tot
314 1181 529 1276 editiones,
558 1207 654 1284 quas
669 1181 743 1256 nisi
759 1205 902 1258 omnes
918 1179 966 1256 ad
981 1205 1147 1257 manum
1164 1180 1375 1278 habueris,

237 1311 376 1388 sapere
400 1285 620 1379 nonlicet,
657 1286 781 1387 inque
805 1297 961 1360 tantum
986 1283 1181 1360 librorum
1204 1283 1379 1359 auxilia-

236 1391 341 1466 rium
361 1404 593 1491 apparatum
605 1387 795 1482 faciendi3
820 1403 1061 1464 revocentur
1073 1412 1169 1463 vero
1185 1388 1375 1462 virorum

238 1493 451 1570 doctorum
476 1491 680 1569 studia·ad
705 1505 858 1568 certum
884 1516 928 1566 ac
945 1489 1159 1567 definitum
1176 1487 1312 1566 finem
1335 1505 1375 1566 et

235 1621 372 1692 usum,
399 1597 769 1696 constituanturque
783 1595 917 1670 omnia
930 1595 1003 1692 sic,
1029 1608 1074 1670 ut
1089 1607 1129 1670 et
1138 1594 1185 1670 iis
1202 1596 1372 1697 capien-

238 1699 297 1775 dis
321 1723 393 1799 par
416 1699 465 1772 sit
487 1699 641 1774 animus
663 1711 704 1772 et
725 1721 823 1774 vero
844 1699 964 1774 etiam
987 1699 1127 1774 ceteris
1148 1697 1371 1798 disciplinis

235 1801 503 1903 percipiendis
514 1802 605 1876 satis
618 1814 727 1877 recte
742 1825 880 1877 vacare
893 1802 1033 1901 possit:
1054 1800 1165 1898 haec,
1185 1801 1368 1902 inquam,

237 1905 311 1980 nisi
329 1918 485 1981 mature
506 1904 812 2005 provideantur,
844 1929 990 1980 vereor
1008 1929 1061 1981 ne
1085 1904 1263 1981 studium
1288 1904 1369 1979 hoc

235 2031 465 2106 graecarum
493 2021 534 2084 et
558 2006 769 2084 latinarum
793 2008 1013 2085 litterarum
1035 2008 1165 2084 indies
1178 2009 1219 2082 in
1235 2009 1368 2082 maio-

235 2136 324 2187 rem
344 2124 592 2187 contemtum
615 2111 971 2188 adducaturaviris
989 2110 1267 2212 prudentibus,
1297 2136 1366 2186 seu

237 2214 306 2316 qui
325 2215 400 2290 sibi
422 2213 641 2391 prudentes
666 2214 871 2310 videntur,
913 2215 982 2316 qui
1015 2215 1152 2290 omnia
1181 2213 1231 2288 ad
1261 2215 1365 2288 vitae

237 2342 355 2394 usum
376 2343 421 2393 re
441 2343 528 2394 erre
550 2317 708 2417 volunt,
734 2341 810 2393 nec
830 2317 987 2413 litteris,
1021 2318 1161 2393 nisiex
1186 2316 1364 2392 utilitatis

166 2505 169 2512 A
234 2445 387 2518 messe,
412 2445 518 2522 quae
540 2445 632 2496 cum
648 2422 731 2522 ipsa
756 2422 908 2497 satione
927 2421 1057 2496 statim
1075 2422 1290 2496 coniuncta
1306 2422 1364 2514 sit,

234 2527 409 2628 pretium
432 2538 616 2603 statuunt
667 2531 729 2602 Ne
754 2523 852 2600 illud
884 2547 993 2600 nunc
1023 2548 1239 2620 moneam,
1285 2523 1363 2599 hoc

177 2708 180 2716 ,
234 2641 373 2707 nostro
392 2628 541 2727 vulgari
560 2627 630 2704 has
645 2627 793 2703 litteras
806 2627 998 2704 tractandi
1011 2653 1128 2704 more
1139 2625 1362 2702 videndum

236 2757 339 2831 esse,
365 2757 418 2808 ne
435 2733 477 2808 in
494 2740 581 2808 eam
595 2731 751 2808 molem
768 2755 837 2808 eae
854 2745 1096 2828 excrescant,
1124 2731 1187 2807 cui
1200 2755 1362 2806 versan-

236 2835 311 2912 dae
326 2861 370 2912 ac
382 2835 602 2914 volvendae
617 2835 817 2912 humanae
833 2835 936 2911 vires
947 2835 1008 2910 vix
1023 2836 1101 2910 sint
1115 2857 1239 2936 pares.
1270 2837 1359 2929 Quo

234 2940 321 3040 ipso
340 2938 447 3015 effici
469 2963 631 3016 necesse
657 2952 736 3035 est,
769 2952 816 3016 ut
833 2941 876 3014 in
897 2939 1079 3014 extremis
1095 2951 1251 3013 tantum
1270 2937 1359 3027 oris,

235 3043 359 3116 autin
384 3041 595 3141 superficie
616 3042 808 3118 haereant
828 3041 1027 3142 plerique,
1054 3054 1121 3116 aut
1135 3039 1186 3118 ad
1199 3064 1359 3116 merum

235 3141 366 3218 lusum
395 3145 517 3220 totius
550 3145 670 3220 studii
706 3145 957 3225 severitatem
987 3157 1189 3221 revocent.
1247 3147 1358 3238 Quae

235 3247 370 3320 omnia
400 3247 487 3346 quis
508 3270 591 3321 non
623 3245 814 3344 intelligat
834 3271 883 3321 eo
905 3271 993 3324 rem
1018 3271 1104 3324 esse
1128 3245 1358 3338 adductura,

233 3361 279 3424 ut
292 3347 372 3426 hoc
389 3347 607 3425 litterarum
623 3347 890 3426 humanarum
900 3351 1076 3428 studium
1088 3376 1112 3440 a
1123 3351 1258 3451 paucis
1271 3350 1357 3426 ido-

232 3454 319 3528 neis
343 3453 434 3530 viris
459 3451 681 3548 excultum,
714 3453 816 3528 intra
838 3453 960 3530 breve
981 3469 1141 3555 tempus
1163 3453 1266 3530 adeo
1287 3477 1356 3529 ne·

232 3555 406 3654 glectum
424 3582 468 3632 ac
485 3555 720 3632 derelictum
735 3557 873 3652 iaceat,
899 3571 944 3633 ut
961 3556 1147 3634 deficiant
1161 3581 1247 3633 non
1266 3579 1352 3634 mo·

235 3659 307 3758 do,
333 3662 404 3762 qui
421 3661 630 3737 Gronoviis
659 3659 721 3735 vel
744 3661 913 3738 Heinsiis
927 3661 1075 3738 similes
1092 3662 1189 3754 sint,
1217 3683 1355 3736 verum

234 3764 353 3838 etiam
374 3765 400 3838 ii
425 3765 515 3864 ipsi,
544 3764 612 3866 qui
637 3762 776 3840 litteris
796 3762 858 3838 his
888 3765 1029 3864 puerili
1054 3762 1257 3866 disciplina
1280 3777 1355 3836 tra-

234 3863 376 3942 dendis
392 3869 481 3944 satis
501 3866 638 3943 idonei
662 3863 892 3946 habeantur.
947 3869 1147 3969 Scriptum
1170 3867 1211 3942 in
1230 3869 1353 3946 Geor-

232 3969 294 4067 gia
309 3975 480 4066 Augusta
506 3996 583 4050 ιιι
597 3973 711 4047 Mart.
726 3993 982 4050 clamemur.
