2710 4998
304 381 405 458 PER
431 379 605 456 ANNOS
631 379 855 456 DIGESTA
1022 399 1150 454 crivit

52 574 98 632 lint
114 572 322 649 (iimmot,
352 573 480 652 Vtgilti
501 583 529 630 et
550 572 677 630 Horatii
694 569 869 648 somr'liorrs
879 613 888 644 ,
926 575 1056 632 moritur.
1107 571 1149 631 De

45 661 95 718 eius
106 659 185 718 obitu
196 658 369 718 consolatur
378 658 534 738 Virgilium
545 655 689 717 Horatius
702 664 776 715 noto
788 656 918 715 carmine
931 655 982 716 lib.
997 659 1012 717 l
1026 657 1083 718 od.
1095 657 1147 722 24.

43 745 103 819 Quis
121 745 168 803 ille
195 745 377 820 Quinctilius
402 746 510 820 fuerit,
537 741 712 822 ignoratum
741 761 797 800 nec
825 741 917 820 magis
945 744 1147 824 exploratum,

42 831 145 908 qru'sille
158 831 295 910 Virgilius
308 831 417 908 suerit3
436 849 509 890 nam
523 828 796 888 Grammaticorum
810 837 978 886 commenta
997 829 1147 890 audienda

40 927 175 976 ueniunt.
195 917 257 977 vict
278 917 401 996 Argum.
420 915 482 976 Ecl.
502 915 552 992 Vl,
566 915 645 974 coni.
666 913 795 974 Messon.
807 913 877 974 Vite
889 911 1009 976 Horatii
1023 917 1063 977 sd
1076 916 1107 976 h.
1121 935 1147 975 a.

465 1049 514 1126 U.
541 1047 583 1128 C.
608 1054 697 1126 781.

42 1189 163 1260 taam
192 1191 380 1286 Augustus
406 1189 474 1263 XI.
527 1189 573 1263 A.
602 1189 787 1260 Terentius
813 1187 934 1261 Varro
952 1187 1146 1282 Muraena,

326 1307 412 1409 suff
431 1311 494 1383 cu.
513 1309 731 1404 Calpurnius
743 1311 838 1384 Piso.
1024 1311 1027 1316 ’

286 1454 321 1503 n.
345 1431 384 1504 0.
404 1435 466 1506 23.
525 1431 671 1526 Virgilii
685 1431 877 1505 ‹tt-48.

100 1561 254 1645 Augustus
269 1584 286 1624 e
298 1568 383 1646 gravi
395 1568 502 1628 morbo
516 1567 642 1627 Antonii
654 1566 755 1629 Musae
771 1587 861 1648 opero
875 1565 1084 1626 convalescens
1099 1585 1147 1625 se-

37 1651 116 1708 mtri
128 1653 229 1731 spatio
241 1653 401 1712 interiecto
418 1653 459 1713 Μ.
472 1653 648 1714 Marcellum
661 1655 772 1714 sororis
789 1653 899 1730 filium,
922 1673 991 1712 cum
1009 1652 1146 1712 aedilita-

35 1743 81 1793 ttn
95 1757 170 1797 anno
192 1737 351 1818 superiore
372 1741 561 1820 suscepisset,
593 1750 624 1800 et
645 1738 779 1820 Auguuo
802 1740 893 1820 vulgo
920 1738 1038 1820 imperii
1058 1737 1145 1798 heres

35 1819 233 1898 destinaretur,
255 1841 272 1881 e
295 1823 401 1884 morbo
418 1826 563 1886 decedere
580 1825 675 1887 videt.
719 1825 826 1886 Gravis
839 1834 915 1885 tunc
934 1826 1028 1884 totius
1041 1825 1145 1904 populi

36 1903 120 1966 luctui
160 1909 221 1968 Dio
238 1909 316 1983 LIII,
336 1915 388 1975 30.
430 1912 572 1992 Virgilius
592 1913 655 1972 eius
669 1920 799 1972 mortem
812 1910 999 1992 pulcerrimis
1009 1911 1145 1970 versibus

35 2003 104 2052 nnat
116 1992 186 2055 Aen
200 1995 253 2070 VI,
270 1999 386 2059 861-
398 1999 470 2062 887.
514 1999 557 2056 De
568 1999 676 2080 quibus
696 1997 833 2058 versibus
847 1996 937 2058 lectis·
952 2005 983 2055 et
998 1996 1081 2056 lauta
1093 2016 1145 2056 re-

35 2081 223 2140 muneratione
243 2079 411 2141 honestotis
420 2077 489 2144 ‘via
511 2104 575 2164 sup.
589 2085 697 2144 Donat.
711 2079 744 2164 §.
758 2081 809 2148 47.
853 2083 895 2141 De
906 2079 945 2142 M.
959 2081 1099 2141 Marcello
1115 2091 1145 2142 et
1197 2090 1199 2096 “

35 2163 80 2222 out
91 2185 177 2226 numo
194 2165 260 2226 vid.
273 2167 433 2228 Fortunati
445 2169 588 2230 Mandelli
607 2169 863 2229 commentarium
874 2169 907 2228 in
924 2169 1041 2228 Nuooo
1056 2169 1143 2227 Iino-

33 2251 92 2307 colto
104 2253 138 2309 d'
164 2253 285 2331 Opust.
305 2257 408 2312 scient.
436 2257 470 2314 T.
490 2257 573 2316 XII.
620 2256 673 2314 Est
694 2255 718 2314 is
740 2275 850 2314 numus
871 2275 887 2313 e
905 2253 1009 2313 Museo
1030 2253 1143 2330 Nanio;

35 2353 63 2392 ea
79 2344 168 2398 umen
187 2339 216 2398 is
238 2337 280 2397 ad
298 2337 474 2400 Marcellum
496 2351 636 2401 nostrum
660 2349 789 2420 spectet,
825 2361 888 2400 non
909 2339 1008 2402 minus
1026 2340 1143 2412 dubito,

34 2439 102 2494 qoam
119 2423 156 2482 de
176 2425 279 2484 altero
302 2444 413 2501 numo,
442 2445 532 2504 quem
562 2426 720 2508 Spsnlrem.
742 2427 826 2486 Tum.
847 2425 884 2500 ll,
903 2446 933 2506 p.
947 2430 1009 2490 316
1023 2436 1054 2484 et
1070 2425 1144 2486 hinc

33 2504 247 2569 tliiexlultucre.

102 2597 251 2654 Mater
269 2597 349 2672 ipse,
377 2619 399 2656 o
417 2597 552 2657 Phraate
572 2619 640 2657 vero
651 2599 748 2678 legati
757 2641 767 2672 ,
790 2598 1056 2654 commoraturum
1069 2617 1143 2654 suo-

32 2695 81 2732 mot
93 2699 202 2740 corum
220 2683 355 2740 Romam
372 2705 485 2743 venere.
536 2683 651 2761 Quibus
667 2687 700 2742 in
719 2695 857 2741 senatum
870 2679 1053 2755 introductis,
1075 2702 1144 2738 rum

33 2765 149 2840 &goda
161 2787 295 2826 caussae
305 2771 437 2847 cognitio
451 2769 568 2828 decreta
580 2781 673 2844 esset,
701 2767 867 2826 Tiridatem
881 2766 1013 2825 Phronti
1025 2787 1144 2844 nequo-

32 2867 105 2922 Μ
121 2853 267 2928 tradidit,
282 2853 392 2927 filium
405 2866 507 2913 twun
520 2855 680 2930 Phraatis,
702 2873 791 2934 quern
811 2855 844 2910 in
853 2863 1001 2930 potestate
1015 2869 1072 2908 suo
1083 2851 1143 2908 ltn-

33 2929 116 3010 leiot,
139 2941 229 3016 pao-i
239 2942 354 2997 rennuit
367 2937 428 2998 hac
439 2941 527 3020 legs,
551 2953 584 2998 ut
596 2962 653 3018 pro
666 2959 700 2998 eo
716 2941 852 3016 captivos
863 2941 1013 3016 signoque
1027 2937 1143 2995 miluu-

32 3019 82 3094 ofl,
105 3022 207 3082 &met
230 3036 260 3082 et
280 3025 409 3084 suetonii
423 3025 562 3086 cladibus
579 3028 710 3101 ammon,
740 3026 889 3102 reciperet.
936 3021 991 3082 Dio
1007 3021 1078 3098 LIII,
1092 3025 1143 3090 38.

33 3101 76 3162 It·
90 3115 185 3170 temen
199 3129 264 3169 non
280 3110 414 3191 perfecte
429 3120 502 3172 unte
517 3131 630 3170 annum
643 3109 715 3175 734.
757 3109 807 3172 Ad
826 3107 886 3168 hoc
900 3105 1025 3188 Augusti
1037 3117 1144 3189 postu-

34 3185 120 3269 latum,
148 3215 212 3274 quo
233 3205 344 3275 negato
365 3197 477 3257 bellum
497 3197 530 3256 in
552 3194 681 3256 Parthos
695 3203 863 3276 susceptum
875 3193 913 3254 iri
931 3194 1143 3275 suspicioerst,
1170 3261 1173 3267 ¹

33 3280 174 3356 mian
188 3282 328 3342 militur
340 3283 480 3363 Wrgiliua
501 3281 576 3343 Aen.
587 3283 650 3359 VII,
664 3285 736 3348 605.
751 3285 814 3346 606
843 3283 913 3340 Sive
934 3282 1019 3340 Getis
1033 3281 1143 3360 infirm

35 3377 109 3422 noro
120 3366 309 3428 manabile
322 3367 433 3428 bellurn
449 3365 640 3448 Hyrcanisue
651 3367 799 3427 Arabim
808 3379 935 3446 pru-ont,
958 3389 1012 3426 seo
1026 3366 1144 3425 tendere

34 3445 66 3501 od
80 3451 167 3510 Indos
179 3453 391 3534 Aio-oramque
404 3457 506 3534 sequi,
539 3453 721 3534 Parthosque
734 3455 996 3532 rupoaoemsigyto.
1039 3449 1143 3510 Adde-

36 3527 75 3589 Μ
85 3535 201 3598 susm
215 3541 272 3600 snb
288 3539 321 3600 h.
340 3559 367 3598 a.
411 3539 527 3620 „Igitur
546 3541 631 3599 annis
650 3540 749 3599 minus
771 3547 903 3616 quatuor
924 3557 978 3596 sex
991 3537 1052 3596 iere
1065 3535 1143 3594 ulti-

35 3635 82 3708 ψ
93 3625 186 3700 operis
200 3625 295 3686 libros
307 3633 398 3706 poeta
409 3626 549 3706 perfecit,
566 3644 621 3684 nec
634 3633 803 3686 verotanta
815 3623 895 3684 iniis
908 3624 1012 3698 elucet,
1030 3629 1144 3702 quanta

36 3709 279 3788 rupino-ibus,
308 3713 418 3770 cura.“
461 3711 521 3773 Vix
535 3731 624 3771 curae
641 3731 676 3770 ac
691 3709 860 3790 diligentiae
873 3709 1025 3777 deiectum
1038 3707 1070 3766 in
1083 3727 1142 3766 no-

36 3787 139 3852 t'nrimis
151 3795 236 3858 libris
249 3797 396 3856 odoratus
408 3805 485 3856 esset
495 3797 594 3858 bonus
606 3797 744 3874 Roseus,
765 3796 822 3854 nisi
833 3795 867 3855 id
886 3795 946 3854 iam
965 3791 1086 3853 aliunde
1100 3791 1144 3852 sic

38 3887 170 3940 unitum
182 3883 356 3964 accepisset.
378 3881 441 3942 vid.
454 3881 604 3944 Monitum
619 3881 659 3942 ad
676 3882 730 3943 lib.
747 3881 800 3942 Vll
813 3901 861 3962 pr.

80 4131 126 4206 Μ
149 4137 328 4212 Ctmttliue
353 4015 810 4212 maguti-Algam.
843 4135 886 4210 L.
906 4133 1090 4208 Annius.

280 4281 317 4330 n.
342 4257 385 4372 0.
404 4265 466 4334 22
522 4261 670 4358 Virgilii
691 4255 872 4336 48-49.

104 4375 254 4456 Anguem
273 4381 308 4436 in
329 4379 470 4437 St'orltorn
485 4381 640 4462 prostatus
662 4391 723 4456 est,
752 4389 786 4437 ut
806 4396 876 4437 earn
894 4397 932 4438 oo
948 4374 1143 4435 omnesattn

45 4453 74 4510 ’ἀ
91 4458 199 4538 &riam
220 4483 317 4544 usqu
328 4467 508 4544 protimus
525 4469 724 4526 constitueret.
770 4463 826 4523 Dio
846 4461 920 4540 LIV,
942 4465 971 4528 6.
1014 4461 1142 4520 Fretum
