2652 5032
228 349 589 428 ouonmcou
614 353 720 429 nus.
746 353 814 450 nr,
846 361 958 433 1-s
1077 361 1152 438 501
1225 402 1227 406 .

42 539 109 611 Aut
128 534 318 611 inlaudati
336 537 461 612 nescit
478 536 665 612 Busiridis
684 544 793 616 aras?
1127 547 1153 620 5

42 639 105 716 Cui
121 663 205 712 non
228 639 354 715 dictus
369 639 484 736 Hylas
500 664 621 738 puer,
648 651 688 714 et
704 642 867 718 Latonia
885 641 1031 720 Delos?
1182 647 1185 654 ’

40 742 374 844 Hippodameque,
389 741 795 844 humeroquePelops
808 745 968 843 insignis
983 746 1150 842 eburno,

39 849 129 920 Acer
156 846 298 946 equis?
344 845 551 922 Tentanda
579 847 640 921 via
671 859 749 944 est,
784 873 862 949 qua
890 874 957 924 me
986 873 1150 952 quoque

40 1047 187 1125 Tollere
206 1048 352 1148 humo,
382 1051 589 1152 uictorque
603 969 915 1132 pipqsqlmvolime
928 1079 1003 1156 per
1020 1079 1099 1133 ora.

80 1195 110 1264 6.
136 1196 265 1265 runa?

64 1375 233 1428 illusin'dr's
252 1395 330 1428 arces
347 1375 444 1428 Medic.
465 1395 480 1429 a
499 1395 532 1429 m.
555 1395 596 1446 pr.
630 1379 767 1433 illaudati
784 1380 866 1433 Gotlr.
884 1397 925 1450 pr.
1001 1381 1018 1434 6
1034 1380 1106 1444 Quoi
1120 1377 1147 1428 in

35 1443 164 1496 Pieriaais:
182 1457 213 1496 nt
225 1445 279 1497 Ecl.
295 1448 340 1511 1v,
358 1447 400 1500 62
436 1447 467 1498 Et
480 1447 517 1498 sic
530 1448 622 1518 fragm.
636 1451 721 1503 Vatic.
748 1453 819 1520 (Non
832 1461 902 1501 recte
921 1448 953 1500 ab
967 1447 1071 1518 lleynio
1085 1467 1148 1516 gra-

35 1513 80 1564 rins
93 1514 324 1583 interpungebatnr
336 1525 399 1583 post
407 1533 494 1588 puer,
513 1534 564 1585 quo
577 1515 615 1583 fit,
633 1529 671 1583 ut,
692 1531 793 1572 retenta
807 1518 1002 1588 pronunciantis
1015 1535 1087 1582 voce,
1104 1517 1148 1568 vi·
1165 1549 1169 1564 ι

36 1583 88 1632 tiam
105 1585 263 1636 contrahant
282 1585 390 1635 numeri.
425 1585 487 1636 Vid.
501 1589 606 1638 Saaten.
624 1589 657 1640 ad
677 1591 786 1642 Terent.
807 1591 890 1640 Maur.
906 1607 933 1656 p.
948 1589 1006 1642 272.
1025 1587 1066 1638 cni
1079 1586 1147 1637 adde

36 1652 155 1706 Gaislord.
168 1653 204 1704 ad
218 1653 362 1721 Hephaest.
377 1672 404 1723 p·
418 1653 479 1709 ³08.
496 1673 535 1725 sq.
560 1656 631 1726 Wr.)
700 1660 777 1712 8ert
790 1659 864 1714 abest
879 1676 894 1709 a
907 1657 978 1710 Toll.
1005 1670 1062 1708 tum
1074 1657 1147 1708 dan-

36 1721 65 1772 do
78 1725 120 1774 uio
134 1735 176 1774 est
194 1723 237 1774 ed.
250 1725 317 1777 Ven.

35 1879 102 1936 arina
119 1879 261 1942 audiunt.
311 1879 462 1940 Monenda
489 1879 565 1944 lraec
611 1881 662 1958 lis,
683 1887 839 1965 quinoque
854 1886 999 1943 mentione
1018 1893 1073 1940 aut
1082 1901 1146 1938 me-

35 1975 144 2042 propter
178 1966 348 2026 Burmanni
385 1966 565 2026 subtilitates
610 1973 707 2028 naaria
727 1972 793 2029 ulla
812 1971 941 2047 dignus,
972 1987 1147 2046 nequeum-

34 2049 112 2109 lirere.
505 2059 508 2064 '
605 2077 699 2134 quam
710 2055 918 2114 numerandus
934 2067 984 2112 eat.
1015 2054 1145 2132 Expres-

68 2134 168 2200 4-7.
192 2135 272 2194 llum
285 2137 485 2215 Eurystheum
500 2157 566 2196 me-
605 2139 645 2198 sit
659 2150 759 2200 autem
768 2141 894 2200 Homeri
908 2134 966 2203 adn
978 2132 1146 2218 ὀνομαστὸν

33 2231 138 2295 morat,
162 2221 303 2282 nereus
322 2222 439 2282 rasores
453 2223 566 2286 meu-
608 2225 698 2301 σω,
712 2227 868 2291 mosea
912 2226 961 2284 ste
977 2219 1144 2303 tutantur·

33 2305 75 2380 git
113 2307 230 2366 Eodem
247 2308 394 2371 remandi
407 2309 520 2368 Busiris
533 2318 564 2368 et
602 2311 667 2372 vid.
680 2313 775 2390 Toup.
788 2313 841 2391 Ep.
854 2309 920 2370 crit.
934 2331 998 2390 pag.
1012 2312 1069 2384 825
1090 2327 1147 2366 nec

32 2389 122 2469 Hylas.
159 2395 383 2454 Commemorat
401 2403 502 2454 autem
516 2396 563 2454 fa·
606 2395 645 2454 ad
661 2397 901 2456 notamsormam
914 2391 1145 2472 tastrqvoacon·

32 2473 122 2553 bulas,
144 2499 221 2557 quas
235 2499 252 2536 a
266 2480 338 2540 satis
350 2480 454 2540 multis
467 2481 564 2561 poetis
605 2483 705 2560 lugere
726 2501 843 2540 necesse
867 2489 920 2539 est.
963 2479 1026 2538 Etsi
1046 2487 1145 2538 autem

34 2569 163 2624 tractatas
190 2583 254 2623 esse
280 2565 438 2625 constabat
446 2587 455 2642 ;
492 2564 564 2624 bine
604 2566 639 2624 in
654 2567 707 2641 iis,
731 2585 806 2644 quae
826 2585 909 2624 nunc
929 2572 1052 2640 extant,
1075 2581 1144 2620 car-

33 2653 90 2712 v·6
128 2651 188 2710 Ctd
217 2671 277 2708 non
301 2651 422 2710 dietus?
454 2654 563 2711 Dicere
605 2651 734 2712 minibus
762 2650 908 2710 Busiridis
945 2645 998 2708 'vix
1031 2647 1144 2705 mentio

33 2733 98 2792 enim
112 2735 149 2794 de
162 2735 261 2817 poetis
276 2735 416 2798 sollenne.
459 2737 563 2796 Fuisse
605 2738 684 2796 sacta
704 2736 851 2796 occurrit:
873 2733 973 2814 potuit
992 2741 1092 2792 tamen
1110 2751 1145 2790 ac

33 2837 138 2897 qnoque
162 2839 281 2881 neeesse
305 2832 351 2881 est
369 2823 502 2882 earmina
525 2822 563 2881 de
606 2823 710 2882 debuit
724 2819 801 2902 (vid.
816 2818 990 2900 Apollodor.
1004 2814 1143 2898 11‚5,11)

33 2901 102 2980 Delo,
123 2915 154 2966 et
169 2907 208 2966 de
216 2907 323 2987 Pelope
336 2908 458 2986 eiusque
472 2927 564 2968 cursu
604 2909 654 2968 ille
669 2907 707 2966 ab
725 2907 855 2966 Hercule
871 2923 972 2964 caesus
984 2901 1143 2961 memorari

33 2991 127 3068 curuli,
141 3013 203 3070 quo
217 2993 448 3073 Hippodamiam
461 2993 562 3054 Oeno-
603 2993 848 3073 in‘Hpaulrlme:
871 3011 930 3070 quo
942 2990 1061 3048 nomine
1072 2987 1144 3067 plu-

32 3077 81 3134 mai
95 3077 267 3138 iobtinuita
282 3089 315 3137 at
328 3099 362 3136 ea
376 3080 474 3138 omnia
488 3099 562 3162 poe·
604 3099 639 3139 ra
656 3079 726 3138 olim
739 3079 864 3138 extitere
877 3077 1008 3136 carmina
1016 3120 1025 3150 ,
1047 3071 1143 3152 inpri-

32 3163 457 3246 tarumoperainterciderunt,
472 3183 562 3244 prae·
603 3166 660 3226 mis
686 3164 823 3224 Pisandri
857 3161 1033 3223 Camirensis
1062 3156 1143 3239 (vid.

32 3247 228 3328 terApollonii
239 3258 268 3307 et
280 3249 433 3309 Theocriti
445 3251 509 3310 loca
525 3251 562 3308 de
603 3252 728 3310 Excurs.
741 3251 763 3309 l.
778 3249 818 3310 ad
828 3249 879 3310 lib.
892 3249 927 3310 11.
939 3241 1038 3329 Aen),
1052 3245 1144 3324 Nym-

32 3328 115 3409 Hyla‚
135 3335 275 3396 Herculis
296 3336 422 3410 amasio,
454 3335 562 3396 etlleli
602 3335 690 3416 pbios
719 3335 930 3406 Heracleotae,
972 3330 1141 3410 Panyasios.

31 3415 124 3478 laudes
136 3421 218 3500 apud
226 3419 450 3480 Callimachum.
474 3422 561 3496 Quae
604 3419 679 3504 (vid.
693 3419 731 3480 ad
747 3421 886 3502 Apollod.
900 3420 993 3478 Notae
1006 3435 1071 3497 pag.
1080 3413 1142 3478 324

32 3513 122 3563 autem
139 3526 176 3568 ex
190 3507 352 3585 deperditis
372 3505 497 3566 excitari
510 3505 562 3566 hic
602 3502 679 3592 sqq.)
732 3512 761 3572 8.
790 3507 870 3567 Acer
893 3505 991 3584 eques,
1025 3499 1056 3560 h.
1078 3507 1141 3557 arte

32 3602 150 3668 possent,
165 3603 255 3652 notae
270 3592 393 3652 modum
405 3611 562 3652 excessura
604 3593 750 3670 equestri,
781 3591 905 3672 (,‚l1aud
923 3589 1010 3648 facile
1030 3605 1141 3666 appro-

32 3686 125 3736 essent.
168 3681 197 3744 5.
221 3679 262 3736 lle
275 3679 442 3752 illaudato,
460 3677 491 3738 b.
507 3677 561 3736 de·
603 3677 986 3760 baveriscompositionem:
1000 3683 1142 3730 acerarte

32 3763 168 3838 testando,
181 3763 318 3823 Busiride
330 3763 464 3844 inprimis
478 3763 560 3822 mul·
603 3765 739 3842 equestri.
753 3766 776 3797 “
805 3762 901 3823 Wct.
933 3756 1059 3818 Praelat.
1075 3774 1141 3834 pag.

32 3853 58 3901 ta
70 3846 244 3929 interpretes
257 3849 458 3908 cumularunt.
495 3849 560 3908 lso-
603 3846 722 3929 XVlH.)
735 3847 892 3928 quadrigis
901 3841 1053 3918 ducendis,
1062 3850 1141 3900 stre·

33 3943 121 3992 craten
141 3935 238 3994 oratio
256 3935 344 4013 plane
358 3934 409 3994 laic
428 3955 558 3994 comme·
602 3955 698 4008 nnus,
720 3931 881 4006 excellens,
904 3922 1012 4002 δεινός.

32 4019 132 4078 morari
159 4041 220 4080 non
241 4020 375 4078 debebat.
428 4019 486 4078 Sed
509 4022 559 4080 vi-
645 4023 674 4083 9.
685 4014 987 4096 Circumspiciendum
999 4011 1073 4072 mihi
1087 4033 1140 4072 ar-

34 4099 113 4164 dendi
128 4106 262 4184 inprimis
274 4107 348 4164 Gall.
361 4105 396 4180 H,
410 4109 439 4180 6,
454 4105 506 4163 ubi
522 4106 558 4164 cl.
600 4111 792 4182 gementum,
835 4101 918 4160 cuius
957 4099 1139 4159 tractatione

33 4185 79 4248 lac.
94 4191 225 4252 Gronov.
237 4191 368 4251 blacrob.
383 4193 445 4250 Sat.
459 4191 508 4266 Vl,
529 4193 558 4254 7.
601 4209 711 4250 nomen
723 4206 896 4264 consequar.
919 4188 1011 4244 vietor
1022 4187 1139 4266 poetico

34 4271 113 4334 Omni
130 4277 329 4356 disputatione
349 4275 468 4356 potiora
488 4285 560 4334 sunt
602 4283 711 4336 ornatu
724 4273 891 4347 adiectum,
918 4271 965 4331 uti
983 4272 1094 4348 solent,
1116 4275 1140 4331 si

33 4355 76 4416 illa
105 4361 187 4422 Gellii
206 4365 313 4423 verba:
342 4360 504 4422 illaudatus
518 4373 561 4420 est
602 4360 639 4420 de
658 4379 764 4438 magno
779 4359 882 4436 aliquo
898 4377 987 4438 opere
1006 4368 1139 4444 peraeto,
1186 4358 1191 4370 “

35 4449 113 4522 quasi
124 4447 301 4510 illaudabilis
313 4459 342 4508 et
357 4447 560 4507 innominabi-
601 4465 707 4525 magna
718 4464 767 4520 re,
790 4464 879 4523 qnam
905 4453 1079 4523 assequutus
1091 4443 1138 4518 sis,
