2654 5000
236 383 286 460 52
470 382 511 457 P.
538 379 801 454 VIRGILII
826 377 1102 454 MARONIS

235 568 373 628 Subsistit
386 567 517 648 dialogus
529 571 562 628 in
576 587 626 644 eo,
647 577 685 628 ut
697 569 819 646 Tityrus
837 567 978 626 miserum
997 568 1115 628 exulem
1134 570 1165 628 in
1183 587 1232 627 sao
1244 575 1302 645 tuga

234 655 279 714 rio
291 663 466 735 pernoctare
478 655 586 714 iubeat.

317 739 415 816 Atque
433 739 491 798 hoc
504 739 623 817 quidem
637 757 743 796 verum
757 757 792 794 ac
803 735 958 814 proprium
976 736 1113 796 carminis
1127 747 1171 796 est
1186 756 1303 814 argutam

235 831 316 900 tum3
337 825 427 901 quod,
449 833 595 902 quantum
609 843 625 880 a
640 831 747 880 natura
762 821 898 879 carminis
910 823 1058 899 pastoritii
1072 823 1190 902 proprie
1204 821 1263 878 dicti
1274 821 1303 876 ab

122 899 126 909 ⁸
234 909 288 982 sit,
317 911 400 968 facile
419 919 557 988 apparet,
585 918 616 965 et
629 907 714 984 quale
728 926 840 966 novum
852 925 943 983 genus
959 909 1138 982 roristituat,
1164 908 1194 966 in
1207 907 1303 984 disprta

234 994 314 1052 tione
328 994 365 1052 de
377 995 521 1052 Bucolicis
533 993 697 1072 virgilianis
710 992 877 1070 expositum
891 1001 943 1049 est.
965 992 1024 1050 Sed
1037 994 1198 1052 conununis
1210 994 1303 1050 omniur

233 1088 401 1156 tearaporum
417 1079 529 1158 opinio,
553 1089 689 1136 veterum
703 1075 970 1140 Grammaticorum
983 1077 1042 1136 tide
1055 1077 1182 1152 firmata,
1203 1077 1303 1134 obtinuit

233 1163 355 1240 Eelugae
367 1163 456 1222 huius
468 1165 615 1224 rationem
628 1163 667 1220 sd
680 1163 730 1220 illa
743 1171 877 1240 tempora
891 1169 921 1218 et
935 1161 1045 1240 Virgilii
1061 1163 1210 1222 fortunam
1222 1181 1303 1220 accon

232 1249 384 1306 modatam
406 1269 481 1325 esse,
510 1269 602 1326 eoque
623 1267 701 1306 anno
721 1267 786 1304 eam
807 1244 853 1326 (U.
869 1247 900 1304 C.
915 1243 988 1327 713)
1010 1249 1152 1326 scriptam
1171 1267 1239 1320 esse,
1269 1265 1304 1321 qut

233 1333 470 1392 Triumvirorum
490 1335 625 1412 pactione
639 1333 759 1392 decreta
771 1330 900 1390 nefanda
913 1330 962 1388 illa
982 1353 1122 1408 agrorum
1133 1334 1209 1392 inter
1220 1341 1304 1390 reters-

231 1439 285 1476 nos
300 1419 405 1478 divisio
419 1421 456 1477 ab
470 1420 634 1478 Octaviano
648 1419 726 1476 sacta
741 1426 799 1474 est:
828 1417 865 1474 de
879 1435 938 1492 qua
951 1435 980 1475 v.
995 1417 1122 1497 Appian.
1136 1419 1214 1478 civit
1225 1417 1266 1476 lib.
1277 1415 1304 1484 ll',

232 1508 260 1566 3.
275 1501 333 1585 (ed.
346 1507 441 1562 Aust.
457 1509 553 1577 1670,
575 1525 603 1584 p.
619 1500 702 1583 954.)
745 1503 799 1559 llio
813 1502 918 1560 XLVII
925 1545 933 1576 ,
959 1499 1007 1564 11.
1050 1501 1129 1562 Ante
1142 1504 1228 1576 subn,
1245 1517 1304 1577 quau

232 1587 378 1648 Antonius
393 1599 423 1645 et
434 1589 618 1652 Octasianus,
629 1588 772 1646 adversus
786 1587 917 1646 Cassitana
931 1595 962 1644 et
973 1587 1103 1648 Brutum
1121 1589 1304 1668 proficisceren-

231 1681 296 1746 tur,
318 1675 379 1731 icto
394 1673 432 1731 ad
445 1674 591 1733 Mutinam
604 1671 737 1746 saedere,
766 1692 841 1750 quae
855 1681 899 1730 est
911 1672 1028 1732 infamis
1040 1675 1092 1731 illa
1107 1674 1304 1734 'I‘riumriranua

230 1758 328 1835 pactio
341 1759 376 1817 U.
405 1759 436 1816 C.
456 1763 535 1834 711,
563 1759 798 1834 mexercitum,
827 1777 866 1816 ex
885 1757 1034 1833 veteranis
1053 1760 1115 1818 sere
1134 1757 1304 1834 consuiptma

229 1843 259 1899 in
281 1841 339 1900 fide
351 1844 530 1916 retinerent,
560 1843 702 1902 militibus
724 1853 842 1927 praeter
862 1841 918 1900 alia
930 1845 1062 1922 praemia
1077 1845 1201 1904 colonias
1218 1841 1303 1901 urbiam

231 1926 416 2003 Italicarum,
446 1939 476 1986 et
497 1930 602 2008 opibus
622 1938 652 1988 et
672 1929 735 1987 solo
756 1937 786 1987 et
798 1929 936 1988 aediliciis
955 1929 1033 1988 inter
1055 1941 1167 1990 ceteras
1177 1925 1303 2004 insignium

231 2012 413 2087 octodecim,
443 2033 517 2090 quae
533 2014 622 2072 Cassii
641 2025 742 2094 partes
761 2015 914 2094 amplexae
927 2023 1027 2089 erant,
1055 2015 1302 2094 interquasCapua

228 2095 389 2174 Rhegium,
410 2097 554 2174 Venusia,
575 2099 795 2175 Beneventum,
816 2098 957 2173 Nuceria,
980 2099 1162 2176 Ariminum,
1179 2100 1271 2158 Vibona
1284 2101 1301 2148 tl

191 2247 196 2256 ,
230 2181 375 2240 Cremona
390 2194 603 2259 memorantur,
623 2185 840 2264 promiserunt:
862 2183 892 2244 b.
906 2203 930 2242 e.
943 2197 1123 2263 receperunt
1135 2188 1164 2246 in
1176 2205 1211 2258 se,
1229 2202 1252 2240 se
1263 2200 1301 2237 eos.

147 2261 155 2272 ’
228 2266 304 2326 bello
320 2267 443 2326 feliciter
456 2270 608 2344 consecto,
639 2271 671 2328 in
685 2269 749 2328 illas
768 2269 872 2346 urbes,
900 2279 1054 2347 tamquam
1074 2273 1210 2344 colonias,
1234 2265 1301 2324 dedu-

227 2361 345 2426 cturos,
368 2362 530 2426 eteorum,
553 2355 604 2432 qui
617 2373 698 2412 nunc
712 2355 891 2432 incalerent,
914 2356 1046 2432 agrariis
1063 2357 1244 2435 assignaturus
1253 2365 1299 2406 aar.

227 2437 325 2510 Quam
338 2457 401 2496 rem
417 2459 500 2512 cum,
523 2440 621 2498 Cassio
635 2449 666 2497 et
678 2441 773 2500 Bruto
788 2461 888 2515 caeso,
913 2439 946 2498 in
958 2440 1074 2500 Italiam
1087 2443 1181 2502 redux
1194 2435 1298 2498 Cetaria-

226 2543 282 2581 nus
295 2521 435 2601 perficere
448 2524 554 2598 vellet,
581 2525 692 2604 partim
706 2545 743 2583 cx
754 2526 884 2584 militurn
896 2525 1052 2585 insolentia
1065 2537 1096 2586 et
1109 2525 1234 2595 avaritia,
1250 2537 1297 2598 par·

226 2607 280 2666 tim
294 2627 332 2666 ex
344 2610 505 2668 electorum
520 2609 556 2668 de
569 2610 629 2668 suis
642 2611 727 2669 bonis
739 2611 941 2688 indignatione
954 2612 1053 2689 magni
1066 2622 1163 2672 motas
1176 2629 1206 2667 ac
1216 2601 1296 2665 tand-

225 2702 275 2750 tus
295 2695 353 2752 orti
373 2703 453 2753 susat.
482 2695 543 2754 vid.
557 2695 683 2774 Appian.
699 2697 781 2754 civil.
797 2697 837 2771 V,
860 2700 889 2760 3.
913 2699 951 2759 12
971 2717 1013 2774 aq.
1043 2693 1086 2777 (p.
1110 2700 1183 2761 1081
1204 2712 1253 2770 tqq·
1267 2685 1296 2742 od.

225 2777 340 2860 steph.)
384 2779 438 2840 Dio
460 2779 575 2838 Cassius
596 2781 730 2856 XLVIII,
759 2783 835 2845 5-
848 2785 883 2856 93
918 2781 995 2839 adde
1018 2784 1140 2841 Sueten.
1166 2779 1229 2856 Aug.
1245 2769 1295 2832 MV

225 2863 298 2920 Erat
320 2873 420 2922 autem
440 2883 558 2939 eorum,
594 2867 701 2942 quibus
715 2867 845 2944 praemia
858 2867 1002 2925 solvenda
1015 2878 1127 2942 essent,
1158 2867 1243 2943 ingan
1258 2875 1296 2915 nu‘

224 2965 337 3022 merus,
366 2949 492 3028 legiones
506 2951 661 3024 nimirum,
691 2953 716 3008 si
729 2950 865 3030 Appiano
884 2951 957 3010 fides
970 2951 1111 3012 habenda
1130 2953 1149 3012 l.
1161 2953 1179 3010 l.
1197 2971 1220 3028 p.
1233 2941 1294 3008 1075.

226 3035 323 3106 toro,
346 3053 407 3092 uon
420 3035 518 3094 minus
533 3036 673 3108 XXVIII,
703 3055 777 3113 quae
789 3057 851 3094 una
865 3057 932 3095 cum
939 3037 1150 3098 annumeratis
1167 3031 1295 3109 interiens

226 3112 312 3192 (μετὰ
328 3121 389 3178 τῶν
403 3118 662 3202 συντασσομένων)
686 3121 852 3180 efficiebant
871 3131 990 3180 centum
1008 3133 1038 3182 et
1057 3115 1293 3204 septuaginun're

224 3217 292 3256 rum
310 3201 416 3276 millia,
444 3214 564 3282 praeter
583 3203 695 3282 equites
709 3216 739 3263 et
752 3206 873 3264 turbam
886 3208 1043 3266 militarem
1048 3231 1058 3284 ;
1086 3221 1246 3287 quamquam
1260 3216 1293 3252 ⁰⁰·

223 3303 300 3358 rum,
323 3287 428 3362 quibus
443 3289 481 3345 ad
494 3289 640 3348 Mutinam
655 3291 909 3381 promittebantur
923 3296 993 3370 agri,
1014 3315 1155 3352 numerus
1167 3292 1241 3350 etiam
1250 3301 1292 3340 ωδ·

222 3367 269 3427 ior
289 3381 367 3446 erat,
394 3369 545 3432 habebant
565 3376 642 3434 enim
659 3375 811 3436 triumviri
830 3378 885 3435 sub
911 3378 997 3456 siguis
1015 3379 1142 3458 legiones
1159 3371 1247 3444 XLIII,
1270 3371 1292 3422 ¹1²

224 3453 298 3516 adea
312 3457 480 3534 quindecIm
498 3459 625 3538 legiones
639 3461 716 3522 bello
731 3464 865 3522 consecto
886 3463 1140 3539 desiderarentur,
1170 3461 1224 3520 siva
1238 3445 1291 3530 q11⁰d

222 3549 308 3600 tanta
325 3541 480 3602 hommum
497 3545 542 3604 vis
556 3548 683 3621 interiit,
714 3547 775 3608 sire
789 3547 871 3626 quod
891 3550 1051 3610 nomsullae
1072 3550 1190 3628 legiones
1206 3542 1235 3602 ab
1249 3537 1291 3630 ‘V

223 3626 306 3684 tonia
328 3627 362 3689 ia
382 3627 481 3688 Asiam
507 3631 652 3689 abductae
677 3643 763 3708 sunt,
805 3634 878 3692 aliae
902 3653 991 3708 vero,
1024 3637 1157 3695 nondum
1178 3621 1290 3708 stipenda

223 3712 366 3786 emeritis,
395 3713 434 3772 ad
447 3715 529 3774 nulla
542 3717 662 3775 militiae
675 3719 805 3795 praemia
820 3706 970 3798 adspirare
983 3729 1137 3797 poterant;
1162 3723 1228 3775 certe
1244 3712 1289 3764 octa

223 3795 301 3854 mille
315 3815 354 3856 ex
365 3795 424 3858 hoc
435 3820 560 3860 numero
571 3811 776 3862 memorantur
790 3803 869 3884 apud
882 3803 1051 3884 Appianum
1064 3807 1083 3866 l.
1096 3806 1114 3864 l.
1127 3825 1155 3884 p.
1171 3799 1241 3864 1073Ι

189 3937 192 3942 .
306 3877 387 3940 Inter
402 3903 466 3958 eos,
495 3905 622 3963 quorum
643 3888 705 3964 agri
717 3889 855 3966 assignati
873 3901 960 3950 erant
972 3891 1135 3962 veteranis,
1163 3877 1287 3967 mestar

222 3981 390 4041 marrenses,
418 3970 519 4046 quiet
538 3971 593 4050 ipsi
614 3972 703 4030 Cassii
715 3973 860 4052 Brutique
878 3985 979 4054 partes
999 3985 1086 4035 erant
1104 3968 1215 4050 sequuti·
1247 3953 1287 4015 01

223 4049 305 4106 Serv.
320 4051 358 4108 ed
372 4051 430 4111 Ecl.
444 4055 502 4130 IX,
525 4059 575 4120 28.
619 4055 758 4128 Quorum
771 4059 832 4136 agui
845 4079 913 4118 cum
927 4081 982 4139 pro
996 4061 1122 4120 militum
1134 4052 1286 4116 immissorum

223 4152 345 4194 numero
358 4136 444 4196 nimis
458 4139 574 4217 angusti
593 4151 704 4216 essent,
733 4143 846 4202 vicinos
859 4145 1092 4206 Mantuanorum
1111 4161 1186 4222 agros
1202 4128 1285 4192 eddim

222 4236 283 4274 esse
297 4231 431 4282 narrant.
466 4223 556 4284 Cuius
567 4225 612 4283 rei
625 4227 680 4284 etsi
693 4227 815 4304 nullam,
833 4239 1043 4308 praeterquam
1056 4223 1284 4302 Grammaticorfflb

222 4305 430 4364 auctoritatem
441 4310 572 4386 reperio,
598 4309 688 4368 iidem
708 4321 808 4372 tamen
827 4315 853 4372 ei
867 4316 981 4375 sumunt
994 4317 1058 4376 alia.
1100 4312 1283 4392 Appimmqtt

222 4387 289 4446 dun
299 4390 319 4448 l.
334 4389 352 4448 l.
365 4411 394 4469 p.
412 4395 492 4456 1082
506 4395 634 4455 militum
655 4397 811 4456 avaritiam
824 4419 886 4459 uon
898 4421 960 4460 sese
979 4401 1152 4471 cantinuieae
1163 4395 1227 4453 inus
1237 4393 1282 4438 ⁵¹1⁰⁸
