2634 5012
215 877 258 953 P.
297 875 610 954 VIRGILII
647 880 969 960 MARONIS

38 1053 81 1158 G
173 1053 217 1157 Ε
307 1045 363 1156 O
459 1053 508 1158 R
583 1051 634 1160 G
720 1056 743 1159 Ι
827 1053 874 1162 C
960 1052 1016 1162 O
1103 1057 1154 1168 N

296 1253 509 1342 niens
545 1255 899 1348 sncnnnns

482 1469 693 1484 ’Ἤ

386 1595 787 1661 ARGUMENTUM

36 1705 214 1836 propositio
229 1772 299 1811 cum
311 1751 500 1811 invocatione
521 1751 632 1814 Baccbi
647 1757 750 1820 1-8.
794 1755 836 1814 lle
849 1751 987 1814 arborum
1000 1754 1152 1836 inprimis-

36 1861 87 1920 que
99 1840 209 1899 vitium
220 1847 251 1898 et
265 1838 399 1898 olearum
412 1839 529 1898 cultius
544 1849 681 1915 actenus,
702 1841 800 1922 primo
813 1841 880 1901 loco
893 1841 994 1901 vanos
1011 1842 1153 1910 arborum

35 1935 210 2008 proventus,
234 1924 308 1982 alios
325 1945 342 1982 a
357 1933 466 1983 natura
480 1923 552 1982 alios
568 1926 605 1983 ab
619 1935 683 1984 arte
699 1927 866 2006 profectos,
894 1927 1027 2007 exponit.
1070 1925 1153 1985 Aliae

36 2013 129 2091 itaque
150 2011 274 2070 arbores
294 2019 399 2090 sponte
418 2019 639 2070 naseuntur-
652 2015 710 2088 21;
738 2013 811 2074 aliae
833 2021 899 2072 arte
925 2022 1086 2092 parantur:
1122 2021 1153 2070 et

36 2099 150 2178 quida
163 2095 319 2155 avulsione
330 2099 435 2170 -23‚
457 2097 616 2156 intorsione
634 2096 685 2160 24.
696 2099 749 2174 25,
769 2098 932 2179 propagine
945 2103 996 2163 26.
1012 2103 1065 2173 27,
1083 2119 1152 2157 sur-

36 2185 97 2244 culo
113 2187 166 2248 28.
183 2185 236 2256 29,
252 2181 420 2240 concisione
434 2185 484 2246 30.
500 2186 551 2257 31,
566 2183 705 2242 insitione
719 2189 769 2248 32.
783 2189 834 2250 33.
848 2182 898 2250 34.
921 2183 1007 2244 Nunc
1025 2184 1153 2244 edoctu·
1238 2199 1243 2216 ·

34 2291 96 2345 rus,
116 2267 254 2328 studium
266 2287 328 2326 ease
343 2265 548 2328 adhibendum
568 2277 597 2326 et
613 2290 698 2330 suam
720 2269 827 2348 cuique
850 2269 951 2330 arbori
968 2291 1025 2349 pro
1039 2269 1152 2349 generis

35 2366 62 2414 et
74 2355 129 2415 soli
145 2362 257 2414 natura
278 2353 442 2412 culturam:
469 2352 648 2416 Maecenatis
668 2356 829 2435 propitiam
840 2356 1031 2416 voluntatem
1044 2356 1153 2436 implo-

34 2453 131 2502 rat-
143 2439 196 2504 46.
218 2439 364 2514 Arbores,
386 2458 462 2518 quse
478 2448 584 2518 sponte
596 2441 796 2520 proveniunt,
818 2442 904 2502 cultu
917 2440 1066 2502 emendari
1079 2460 1153 2520 pos-

34 2537 101 2588 nmt
116 2559 161 2572 ··-
174 2523 233 2602 563
265 2543 343 2604 quae
365 2534 433 2584 satu
457 2534 639 2600 nascuntur,
667 2525 799 2586 feliciora
828 2525 943 2584 babent
966 2525 1153 2586 incrementa

35 2611 317 2692 transplantatione,
346 2618 377 2669 et
397 2610 461 2670 eliis
484 2611 648 2671 artificialis
667 2611 803 2672 culturae
814 2611 1082 2690 generibus-723
1102 2611 1153 2670 in-

34 2699 135 2780 primis
154 2697 359 2756 inoculatione
381 2705 412 2756 et
439 2695 577 2756 insitione
599 2697 722 2777 proprie
745 2697 882 2756 dicta-
898 2699 949 2760 82.
976 2695 1153 2773 Deligandae

35 2803 151 2864 quoque
171 2783 316 2844 arborum
344 2781 476 2841 eiusdem
501 2782 616 2862 generis
636 2783 747 2862 species
773 2781 1063 2862 praestantiores-
1082 2783 1152 2844 108.

35 2872 153 2930 Caelum
166 2889 260 2949 porro
275 2868 418 2946 cunique
429 2867 544 2927 arboria
556 2877 682 2928 naturae
694 2867 836 2927 idoneum
850 2876 895 2926 est
914 2865 1153 2946 circismspicien-

35 2957 118 3033 dnm,
143 2975 217 3014 nam
238 2973 345 3034 magna
365 2953 398 3012 in
417 2953 477 3012 boc
497 2953 836 3030 astrarides—1355
864 2961 895 3012 et
917 2952 959 3012 sic
969 2951 1083 3012 aditum
1096 2951 1153 3012 sibi

33 3053 118 3123 parat
141 3039 182 3099 ad
203 3040 306 3100 laudes
326 3039 445 3115 ltaliae,
468 3039 602 3100 omnum
621 3061 725 3100 rerum
747 3047 900 3120 proventu
911 3037 1097 3098 tebcissimaa
1110 3067 1153 3084 -

35 3134 109 3206 1763
130 3126 254 3186 tandein
270 3125 325 3185 soli
339 3135 449 3186 natura
462 3135 507 3184 est
523 3125 725 3205 exploranda,
747 3126 797 3184 cui
809 3133 974 3204 proventus
987 3125 1087 3204 generi
1101 3123 1153 3182 illa

34 3215 191 3274 moverunt
206 3245 251 3258 -
262 3211 343 3287 225;
371 3211 572 3272 subiiciuntnr
591 3213 711 3274 criteria
727 3211 783 3270 soli
804 3207 999 3291 cognoscendi
1020 3219 1051 3270 et
1071 3208 1153 3269 iudi-

35 3301 121 3360 candi
133 3331 178 3346 --
192 3299 272 3376 2585
306 3306 337 3354 et
360 3297 427 3357 viae
448 3317 484 3355 ac
491 3298 625 3358 rationes
646 3299 703 3358 soli
720 3297 874 3358 tractandi
896 3307 927 3358 et
944 3307 1072 3356 naturae
1089 3295 1152 3353 eius

35 3383 252 3458 emendandae,
280 3382 414 3461 adeoque
434 3383 501 3462 ipsa
524 3384 644 3444 cultura
665 3403 734 3444 cuni
756 3384 877 3442 omnino
899 3383 1056 3456 arborum,
1086 3388 1153 3438 tum

35 3471 168 3552 inprimis
181 3469 302 3528 vitium.
346 3469 463 3528 Scilicet
476 3469 574 3548 primo
589 3469 736 3530 docentur
752 3489 829 3548 qnae
848 3469 880 3528 in
897 3468 1085 3549 plantatione
1096 3465 1154 3524 ob-

36 3555 181 3618 servanda
195 3557 258 3614 sint
273 3587 310 3600 -
329 3553 404 3631 3145
426 3555 516 3612 etiem
528 3553 565 3614 de
581 3564 716 3634 ternpore
730 3555 926 3634 plantationis
945 3551 1098 3614 faciendae
1111 3581 1154 3596 -

37 3643 111 3720 3453
132 3643 171 3702 de
184 3661 258 3702 cura
271 3639 433 3720 postillam
448 3639 627 3717 adhibenda,
638 3641 730 3719 inque
745 3639 847 3700 hacde
856 3639 1013 3720 putatione
1027 3634 1154 3716 (362-

37 3727 108 3810 370)
122 3739 154 3789 et
169 3727 208 3787 de
221 3725 394 3788 avertendis
415 3726 465 3801 iis,
493 3745 571 3804 quae
591 3747 699 3788 nocere
716 3735 843 3806 possunt
856 3725 980 3785 novellis
997 3720 1154 3782 arboribus

39 3813 159 3894 (371-
172 3811 271 3895 379),
297 3831 425 3890 cumque
442 3811 475 3870 in
495 3811 543 3871 bis
564 3832 653 3894 caper
674 3813 728 3886 sit,
752 3811 887 3870 excurrit
904 3812 938 3870 in
955 3827 1070 3868 morem
1088 3825 1154 3864 ma-

39 3899 135 3958 ctandi
155 3899 235 3958 birci
256 3899 290 3958 in
309 3897 419 3958 Bacchi
444 3915 529 3958 sacro
542 3931 586 3944 -
601 3901 674 3963 396.
716 3895 752 3956 In
772 3897 885 3958 ritibus
907 3905 1008 3954 tamen
1018 3891 1154 3974 inprimis

40 3985 159 4046 adsidua
174 3994 221 4043 est
232 4003 305 4042 cura
320 4003 374 4063 per
388 3991 490 4042 totum
507 4003 619 4042 annum
632 3981 803 4042 adhibenda
817 4015 858 4028 -
874 3980 947 4046 419.
968 3979 1067 4039 Minus
1082 3995 1155 4058 ope-

39 4091 101 4130 rosa
115 4081 161 4130 est
174 4069 308 4128 olearum
325 4071 445 4129 cultura
456 4101 500 4114 —
513 4069 591 4145 425,
613 4079 644 4128 et
655 4087 814 4148 pomorum
827 4099 870 4112 -
884 4067 963 4142 428,
985 4065 1091 4144 exigua
1104 4071 1156 4120 aut

42 4157 154 4218 omnim
174 4155 260 4216 nulla
272 4155 438 4215 sannarum
459 4154 651 4214 arborum-
664 4153 737 4220 457.
764 4153 839 4212 lnde
853 4171 996 4212 excursus
1006 4152 1038 4210 in
1052 4149 1155 4210 laudes

41 4243 116 4303 ritae
133 4242 281 4318 rusticae,
302 4261 373 4322 pars
386 4239 525 4302 carminis
536 4239 701 4300 felicissima
713 4239 809 4298 -ad
826 4237 879 4298 fin.

491 4415 697 4430 nnn-⁸·-
