2660 5002
550 1003 882 1140 EC·L0GA
935 1063 988 1136 lV

636 1213 901 1346 rosilon

600 1423 946 1518 incrusurumv

212 1561 257 1664 ln
271 1599 328 1660 hae
342 1596 447 1676 Euloga
460 1596 686 1676 interpretenda
701 1595 760 1656 dici
775 1595 828 1656 vix
840 1603 949 1676 potest,
971 1611 1061 1672 quam
1074 1591 1197 1652 inanem
1213 1611 1322 1671 operun

214 1695 245 1744 et
259 1685 328 1743 olim
343 1681 536 1743 Grammatici
557 1684 588 1740 et
616 1681 687 1742 binc
709 1682 769 1742 viri
788 1681 870 1742 docti
893 1679 975 1740 vans
984 1677 1128 1756 religione
1144 1677 1223 1758 ospti
1236 1697 1322 1735 nars-

213 1769 321 1832 verint.
354 1771 389 1828 V
383 1769 604 1826 mmmmm
619 1767 796 1846 Sibyllosde
803 1767 910 1825 Cluiau
921 1763 1073 1824 mamus
1082 1783 1253 1842 expressam
1261 1781 1319 1828 essa,

233 1875 303 1914 uam
319 1851 458 1932 Virgilius
470 1851 617 1930 ingeniose
633 1853 672 1912 id
684 1853 797 1940 petales
813 1850 919 1911 nobilis
937 1849 1022 1930 pueri
1043 1847 1251 1920 transtulerit,
1271 1847 1319 1904 iun

283 1940 404 2012 tarutius,
419 1939 516 2019 lpotie.
541 1939 619 2014 VII,
632 1937 674 2002 24
688 1937 848 2012 statuebat,
862 1945 892 1995 et
904 1935 1111 1994 &tuleramus
1126 1937 1179 1992 M.
1195 1935 1226 1992 in
1244 1932 1317 1990 Orat.

213 2026 258 2086 ad
270 2025 445 2093 Smactown
456 2033 589 2096 coetum,
612 2043 714 2102 graece
732 2023 851 2083 reddita
866 2043 884 2080 a
897 2041 957 2082 non
969 2019 1093 2080 indocto
1110 2015 1242 2092 bomine,
1264 2019 1323 2090 De,

213 2109 286 2168 sebii
297 2107 381 2167 libris
396 2105 432 2165 de
448 2109 480 2167 V
478 2109 522 2164 ita
539 2107 724 2166 amimea
738 2107 881 2168 adiuncta
902 2127 927 2166 e.
946 2109 985 2170 19
1003 2124 1047 2182 eq.
1070 2101 1175 2186 (quam
1190 2104 1221 2162 in
1232 2103 1298 2162 Exr.
1310 2101 1323 2157 l

214 2195 253 2254 sd
275 2193 414 2252 Bucolica
433 2193 544 2252 iterum
564 2193 672 2252 excudi
691 2193 824 2275 curavi),
847 2193 1051 2252 demonstrare
1067 2190 1184 2264 voluit,
1212 2188 1319 2264 eiusqm

214 2279 426 2338 anctoritatem
446 2297 514 2336 eum
538 2277 596 2336 iste
617 2285 715 2336 aetate
736 2280 914 2359 plerumque
928 2275 1091 2336 Christiani
1118 2273 1255 2334 homines
1277 2271 1317 2352 (cl.

213 2363 397 2429 Werrudors.
411 2363 492 2422 Poet.
512 2363 582 2422 min.
600 2363 652 2422 To.
669 2364 725 2438 LV,
747 2385 776 2444 p.
792 2367 855 2428 767
869 2360 954 2444 sqq.),
969 2371 1035 2420 tum
1056 2361 1208 2420 sensibus
1224 2357 1318 2418 uostris

213 2449 272 2510 viri
290 2449 371 2509 docti
391 2447 509 2528 sequuti
522 2457 594 2520 sunt
605 2449 738 2528 plerique
757 2469 875 2523 omnes,
899 2449 935 2507 de
949 2447 998 2507 vis
1016 2465 1052 2504 ao
1070 2445 1192 2505 ratione
1213 2453 1324 2524 tantun

213 2535 347 2610 solliciti,
368 2555 428 2612 qus
439 2534 628 2594 reconditum
640 2532 811 2597 huiusmodi
835 2533 1009 2594 vaticinium
1023 2530 1062 2590 ad
1085 2533 1239 2591 Romanos
1258 2549 1315 2609 per-

213 2622 316 2681 venire
334 2619 476 2700 potuerit.
518 2619 593 2678 Vide
605 2619 739 2699 inprimis
754 2619 926 2680 cometen
948 2617 1143 2680 Vbsdicntion
1156 2617 1199 2697 (ff
1205 2618 1251 2676 ate
1262 2619 1315 2675 De·

204 2707 295 2787 serm
308 2705 546 2786 ‹pclmsuanuy
557 2706 643 2764 Book
659 2705 701 2780 Π,
719 2703 765 2766 cb.
778 2709 814 2780 2,
841 2714 911 2763 sect.
926 2709 963 2780 2,
991 2712 1022 2761 et
1048 2703 1082 2761 T.
1111 2703 1149 2762 11.
1168 2705 1316 2778 Pmmsisa

139 2791 143 2796 ’
213 2814 243 2872 p.
255 2790 307 2854 44.
326 2789 694 2867 Wlu'ston'sSnpplemem
708 2801 737 2848 to
752 2791 799 2848 the
811 2791 911 2848 uum!
923 2787 1189 2866 accomplislsment
1205 2789 1314 2868 (ᾔδειτ’-

258 3005 266 3020 ⁶
881 3028 886 3037 .
1192 3005 1201 3036 l

214 3046 260 3104 vis
273 3063 307 3104 es
320 3047 422 3106 miuus
440 3046 504 3106 eliis
516 3046 655 3106 exornari
667 3045 777 3125 possit,
801 3065 876 3124 quse
896 3045 1003 3104 a0viris
1023 3043 1120 3103 doctis
1141 3046 1239 3104 minus
1258 3043 1313 3102 mi-

213 3127 370 3190 madverss
393 3139 473 3192 sunt.
516 3131 565 3191 Sic
584 3151 614 3191 v.
634 3151 659 3190 c.
683 3151 699 3188 e
718 3129 833 3210 loseph.
852 3131 923 3190 Ant.
940 3129 1013 3205 XV,
1038 3133 1094 3204 18,
1116 3131 1168 3208 qui
1179 3129 1313 3189 Heroden

119 3219 133 3248 '
213 3233 312 3292 regem
327 3207 466 3275 Pollionis
486 3214 616 3296 bospitio
631 3225 661 3274 et
681 3216 809 3276 amicitia
818 3237 906 3275 usum
928 3235 989 3274 esse
1008 3225 1172 3290 memoret,
1194 3215 1312 3293 contgm

215 3299 319 3377 aliquis
337 3299 448 3381 possit,
481 3301 518 3359 eb
540 3301 661 3362 Herode
679 3302 779 3376 facile,
807 3299 927 3380 Virgilio
951 3309 1120 3382 praesente,
1147 3301 1267 3360 Pollioni
1283 3297 1312 3354 dt

213 3383 319 3445 Messio
333 3386 464 3460 narrari,
487 3393 541 3445 aut
552 3387 705 3446 Nicolamn
719 3389 939 3461 Damascum,
962 3386 1086 3446 doctum
1098 3384 1255 3458 bominem,
1268 3404 1312 3442 cu-

213 3471 260 3532 ius
274 3470 436 3530 ministerio
448 3471 582 3531 Herodes
600 3493 671 3531 araus
689 3481 742 3547 est,
764 3472 896 3552 augusto
909 3465 1137 3552 percarum,*de
1151 3473 1310 3532 ludaeorum

214 3557 402 3638 opinionibus
416 3575 647 3618 commemorare
665 3558 811 3638 potiusne,
834 3565 865 3616 et
886 3557 918 3616 id
937 3577 1028 3636 genua
1049 3557 1116 3616 slis.
1159 3559 1310 3618 numera

213 3643 383 3722 quicunque
404 3663 522 3703 sensum
542 3643 748 3704 Romsnorum
766 3653 798 3704 et
816 3643 965 3722 ingenium
984 3643 1033 3702 val
1055 3663 1071 3702 e
1095 3642 1253 3722 longinquo
1270 3641 1309 3698 in-

214 3729 329 3808 spexit,
351 3727 435 3788 sacile
456 3727 584 3806 tenebit,
613 3749 766 3809 nunquam
788 3727 966 3790 ludaeorum
984 3737 1101 3791 tantam
1119 3729 1309 3790 anctuitaten

215 3833 250 3872 ac
262 3815 353 3874 fidem
367 3823 420 3873 sut
434 3815 521 3876 luisse
535 3825 588 3875 aut
599 3828 661 3874 esse
675 3815 805 3896 potuisse
816 3813 897 3894 apud
909 3814 1069 3890 Romanos,
1083 3814 1169 3894 longe
1182 3813 1243 3874 aliis
1253 3830 1308 3870 sen-

214 3899 312 3975 sibus,
334 3899 538 3978 religionibus,
560 3900 676 3960 iudiciis
688 3901 837 3974 imbutos,
858 3909 895 3959 ut
904 3899 1031 3960 istorum
1046 3899 1196 3979 opiniones
1209 3895 1308 3978 poblo

214 3983 407 4047 admitterent
423 3996 454 4045 et
471 3985 649 4046 carminibus
663 3985 856 4046 celebrarent.
898 3983 1032 4044 Meminit
1046 3985 1256 4066 superstitionis
1268 3979 1307 4036 lu-

215 4067 315 4130 daioos
327 4069 484 4131 Horatius:
505 4090 611 4131 verum
623 4079 660 4129 ut
673 4089 737 4129 esm
749 4071 813 4130 risu
827 4069 1008 4150 exploderet
1037 4069 1190 4130 ¹Attamen
1214 4069 1259 4128 vel
1276 4063 1308 4121 sit·

214 4153 334 4231 vrrlguta
351 4173 412 4214 ease
425 4155 526 4236 potnit
540 4157 617 4214 same
632 4154 704 4214 inde
717 4157 754 4214 sb
768 4156 890 4216 Oriente
903 4164 1084 4236 propsgsta,
1107 4155 1148 4228 ds
1160 4157 1235 4234 Rege
1246 4169 1306 4208 rcri-

214 4245 302 4314 turo,
316 4237 352 4298 de
371 4237 462 4302 beroe
474 4241 641 4316 nascituro,
658 4239 695 4300 de
709 4241 780 4301 novi
795 4241 921 4317 saecrrli,
943 4240 1016 4300 novi
1028 4259 1129 4302 rerum
1143 4239 1249 4317 opdinis
1260 4237 1306 4294 in-

248 4389 271 4455 Ἴ
289 4389 386 4442 liollis.
426 4393 456 4442 la
469 4389 599 4460 plerisque
609 4401 671 4442 vett.
706 4391 817 4444 &asculi
829 4393 893 4449 novi
903 4393 1103 4464 interpretatio.
1136 4391 1229 4446 Zolicb.
1245 4393 1306 4441 ssu

213 4475 300 4512 novas
307 4461 459 4532 proposita.
967 4501 971 4512 .
