2652 5032
152 351 505 430 auonarcon
531 351 637 428 ans.
663 351 712 448 11,
738 357 956 430 sco-sor
1035 355 1110 431 447

29 543 145 616 Tantus
158 558 267 619 amor
281 551 429 632 terrae3
456 561 538 615 neu
552 534 662 617 seruo
675 537 789 618 laede
803 552 938 616 retuso

62 669 134 739 301.
155 666 241 738 Neo

26 825 59 866 tar.
71 815 106 866 Sic
118 815 353 885 deplantutur,
367 811 438 882 quod
446 815 537 886 exigua
547 815 573 868 vi
584 815 725 880 decutitur,
744 815 812 886 apud
820 813 927 866 Plinii.
935 811 968 866 N.
976 815 1061 878 XVII,
1070 813 1112 867 16.

25 895 82 934 eun:
98 885 142 946 „Et
156 903 220 954 quae
232 885 331 954 cortice
350 881 467 934 nituntur
480 895 598 948 tanturn,
623 883 678 936 vel
703 883 777 936 levi
802 901 884 936 sora
909 883 1029 936 ocissime
1054 883 1112 934 de·

24 954 225 1020 plantantur.“
245 965 272 1005 et
284 973 325 1023 ap.
340 953 439 1004 Colum.
454 957 486 1017 II,
505 958 532 1018 2,
548 955 606 1008 Ξᾶτ
631 973 714 1021 „neve
730 964 775 1005 aut
788 971 868 1005 cornu
882 955 931 1005 bos
947 952 981 1004 ad
994 952 1113 1022 stipitem

24 1023 167 1074 vehementius
182 1023 306 1088 offendat,
325 1033 369 1074 aut
385 1032 501 1074 extremo
516 1023 577 1092 iugo
593 1033 712 1076 truncum
730 1023 871 1074 delibet
887 1039 1037 1091 ramumque
1055 1021 1112 1072 de-

39 1092 156 1142 lantet.“
189 1095 282 1162 Itaque
295 1101 417 1161 apparet,
445 1093 608 1163 deplantata
621 1103 649 1144 et
663 1093 821 1163 defringere
837 1091 874 1144 sic
888 1093 1010 1154 differre,
1034 1091 1112 1141 util-

23 1111 190 1226 lrdleniorem,
223 1162 275 1212 hoc
290 1160 372 1244 paulo
393 1161 576 1214 violentiorem
595 1163 692 1213 surculi
710 1161 819 1231 petendi
841 1163 947 1215 modum
974 1159 1111 1230 significet.

22 1231 57 1280 bra
70 1247 123 1282 vero
135 1231 156 1281 is
170 1241 211 1282 est
229 1231 357 1282 orationis
371 1231 552 1282 varronianae
565 1231 650 1294 color,
674 1240 703 1282 ut
722 1231 773 1282 hoc
795 1231 854 1298 ipso
879 1229 1113 1298 defringendi

23 1299 79 1349 rerba
90 1299 187 1352 solitam
201 1299 283 1352 luisse
298 1317 353 1352 earu
370 1317 427 1352 reru
441 1299 572 1368 designari
590 1299 736 1370 suspiceris.
772 1301 861 1370 ltaque
880 1318 933 1350 nou
948 1297 1112 1367 vituperabi-

20 1385 58 1417 nas
70 1369 212 1438 Virgilium,
232 1369 302 1440 quod
320 1369 549 1438 defringendi
566 1371 648 1421 verbo
661 1387 721 1420 usus
739 1379 786 1420 est.
812 1371 879 1420 Nam
893 1364 937 1420 aut
952 1387 1112 1421 communem

20 1437 116 1504 loquendi
127 1441 231 1490 modum
245 1449 348 1490 secutus
361 1448 409 1504 cst,
427 1449 480 1504 snt,
497 1440 520 1491 si
533 1439 616 1490 minus
630 1437 737 1508 proprie
750 1437 850 1490 locutus
865 1438 1005 1502 videbitur,
1023 1437 1112 1507 potuit

20 1515 82 1557 onan
101 1510 233 1560 commode
253 1509 281 1560 h.
300 1508 318 1560 l.
344 1507 581 1578 defringeudi
604 1509 712 1560 verbum
730 1524 872 1578 usurpare,
905 1524 981 1590 qaum
1004 1525 1058 1560 uon
1077 1508 1111 1558 dc

19 1577 83 1641 nodo,
95 1595 151 1646 qno,
168 1579 218 1630 sed
233 1577 349 1642 deloco,
367 1579 437 1629 uude
449 1579 603 1630 auferendus
617 1579 652 1628 sit
664 1577 788 1642 surculus,
805 1577 959 1647 praecipiat
984 1577 1112 1645 Denique,

19 1646 69 1711 quod
79 1665 173 1700 ornnem
187 1647 335 1716 scrupulum
351 1665 383 1697 ex
399 1648 562 1700 dubitantum
576 1645 670 1698 animis
688 1647 798 1712 eximet,
825 1663 902 1716 quom
916 1663 969 1698 uon
982 1647 1111 1711 iubeatur,

19 1715 156 1768 amittetur
181 1717 294 1768 rusticos
319 1716 391 1768 istud
411 1717 511 1768 facere:
544 1717 746 1785 defringere
770 1716 918 1786 plautas
949 1735 964 1768 e
988 1731 1111 1776 summa

18 1783 128 1837 arbore:
152 1785 220 1838 nihil
241 1785 380 1850 obstabat,
403 1787 540 1856 quominus
558 1804 590 1838 eo
606 1796 724 1838 uteretur
742 1787 825 1837 verbo
837 1795 934 1856 poeta,
960 1783 1032 1854 quod
1054 1803 1110 1836 rem

18 1851 96 1906 nane
114 1857 210 1908 luctam
234 1855 371 1906 iudicaret.
406 1857 497 1924 Itaque
518 1857 639 1908 revocavi
662 1854 798 1976 dgringe.
828 1853 899 1922 Wr.)
933 1849 1025 1926 plores
1043 1855 1111 1908 Gud.

17 1921 109 1975 Tandem
119 1939 168 1977 aus
181 1943 286 1978 summu
299 1925 388 1976 Heius.
404 1935 467 1992 post
479 1925 591 1976 Pieriam
606 1943 621 1977 e
634 1927 677 1978 Me
700 1925 772 1990 'ceo,
791 1927 908 1976 Romano
924 1933 951 1976 et
966 1924 1024 1975 aliis
1039 1926 1111 1976 snti-

16 1991 122 2056 qaion'bus
132 1995 278 2063 praetulits
296 2009 352 2046 cunt
368 1993 466 2046 editum
480 2003 549 2046 esset
564 2007 614 2046 aut
628 2011 760 2060 summas,
777 2004 807 2044 ut
821 1993 847 2044 iu
860 2011 912 2045 uuo
924 1995 1002 2045 Mead
1017 2003 1044 2045 et
1056 1995 1110 2046 Eri.
1200 2023 1204 2029 ·

16 2057 94 2126 l‘silssr·
160 2065 297 2120 501N0n
314 2065 410 2116 Mouet.
424 2065 457 2119 fr.
492 2064 535 2116 Ne
547 2063 648 2116 Bofflei.
682 2076 797 2116 retunso
811 2063 934 2115 scribitur
950 2063 978 2114 in
991 2062 1110 2116 Mediceo

16 2131 115 2184 sinaitis
136 2133 218 2186 etiam
236 2133 370 2186 Pieriauis.
404 2134 528 2184 laederet
548 2152 603 2184 uno
621 2135 696 2186 Rom.
732 2133 842 2186 laedere
857 2145 921 2189 tuso
942 2135 1038 2188 Moret.
1058 2152 1110 2185 sec.

14 2209 32 2247 tt
46 2203 114 2254 Goth.
133 2221 206 2266 sec„
230 2213 258 2254 st
277 2205 341 2270 Reg.
362 2203 431 2272 apud
452 2203 556 2254 Martiu.
575 2202 638 2254 Neu
652 2201 734 2272 serra
752 2203 832 2254 laede
853 2215 975 2270 vetusto,
1002 2213 1029 2254 et
1046 2221 1111 2255 unos

15 2269 76 2320 llead
108 2273 170 2325 Neu
182 2271 266 2346 ferro
280 2273 340 2344 Iege
355 2290 465 2335 recus05
482 2271 651 2324 librariorum
662 2271 786 2326 deliciae!

12 2389 37 2447 de
48 2393 181 2454 insitione
194 2395 353 2472 cogitabat
395 2391 528 2476 (Detoto
570 2393 645 2454 bore
665 2401 821 2473 petuntur.
865 2393 1022 2471 ltaquaad
1038 2394 1110 2454 sim-

12 2471 60 2534 bl.
76 2481 159 2540 aliter
183 2490 300 2556 statuo,
333 2499 424 2558 quam
438 2499 528 2560 supe·
570 2479 722 2560 pliciorenr
738 2477 964 2556 explicationem
978 2477 1111 2541 redeun-

11 2561 83 2622 n'ares
95 2566 287 2646 interpretes.
316 2564 529 2644 llnolricpro-
572 2564 644 2623 dum
659 2564 790 2626 ridetur.
833 2563 1012 2642 Flagella
1036 2585 1111 2643 pro-

11 2651 63 2722 poni
83 2661 259 2732 praecepta,
294 2660 360 2715 tum
386 2652 529 2730 epartic.
569 2650 655 2729 prie,
680 2647 826 2718 uth.1.‚
854 2648 963 2708 vitium
983 2650 1110 2710 extremi

11 2746 58 2804 tut,
79 2746 144 2797 turn
156 2757 174 2796 a
187 2737 317 2818 repetito
330 2757 398 2796 voc.
409 2757 529 2796 summ
571 2734 688 2794 ramuli.
738 2731 822 2808 Quid
840 2733 880 2794 sit
895 2735 1029 2812 flogella
1051 2756 1127 2812 pe·-x

10 2815 172 2902 intelligitur.
220 2822 318 2882 Λιῦον
335 2831 436 2880 autem
456 2821 487 2882 b.
509 2823 530 2882 l.
572 2832 648 2894 tere,
675 2838 715 2880 ex
734 2819 829 2878 alteru
854 2819 995 2878 versiculi
1025 2828 1111 2898 parte

10 2921 83 2982 nequa
103 2909 169 2990 ipsa
189 2917 234 2967 est
252 2908 394 2984 vitis;-
414 2907 530 2966 fallitur
573 2905 776 2985 cognoscitur:
796 2904 990 2983 neuiiagsllu,
1002 2905 1111 2966 vitium

8 2991 67 3050 nim
78 2994 231 3074 Hsyrrius,
254 2993 369 3052 arboris
381 2993 529 3052 rombulo
571 3000 646 3072 puts
659 2990 749 3050 modo
762 3000 1006 3067 memoratarum,
1027 3012 1111 3051 sum-

8 3073 140 3140 iuterdnnr
155 3080 250 3140 vitans
264 3078 401 3138 denotari
409 3088 529 3158 putans,
572 3098 621 3138 ma
636 3087 720 3158 pets,
743 3095 819 3154 quaa
833 3077 958 3155 plantes.
988 3076 1111 3138 Arbor

8 3171 30 3219 ut
42 3185 127 3246 supra
139 3187 187 3227 vs.
196 3167 247 3230 89.
261 3167 350 3241 278.;
371 3163 455 3243 quod
468 3185 528 3223 non
570 3161 602 3222 h.
615 3163 636 3223 l.
650 3161 772 3242 quaevis
788 3161 879 3222 arbor
895 3161 1051 3242 frugifera,
1072 3183 1112 3223 ex

8 3245 73 3308 aliter
88 3251 138 3326 lit,
162 3271 252 3330 quarn
269 3251 328 3326 ita,
349 3260 388 3309 ut
401 3269 530 3310 voear-
573 3267 608 3308 es
635 3267 770 3327 quoque,
798 3256 834 3308 ut
855 3267 871 3306 e
889 3249 967 3325 vite,
1003 3249 1110 3325 media,

8 3329 57 3420 ᾖον,
92 3347 240 3416 tanqum
270 3336 384 3415 generis
411 3354 530 3410 nomen,
572 3353 634 3394 nou
649 3343 793 3408 extrema,
814 3334 958 3413 petendas
971 3335 1111 3414 aitplun-

8 3419 95 3497 ritem,
120 3422 308 3503 utapecism,
328 3421 474 3495 includat,
493 3429 531 3480 ut
571 3429 626 3478 tas.
675 3420 766 3479 Cuius
798 3419 1054 3499 interpretationis
1086 3420 1110 3478 si

8 3523 36 3583 tp.
55 3507 164 3569 Horat.
187 3505 531 3582 0d.1,1s,1.:„ttul-
570 3504 797 3585 locupletiorem
814 3505 943 3585 aliquem
956 3515 1110 3564 auctorem

8 3610 67 3668 aas,
96 3595 192 3668 Vere,
222 3613 306 3652 sacra
334 3593 420 3652 vite
445 3593 529 3672 prius
572 3591 786 3671 cirmmspicis,
821 3610 857 3649 en
883 3591 938 3650 tibi
965 3589 1109 3666 Plinium,

8 3681 98 3739 saeris
127 3679 356 3754 arborem;“
369 3697 532 3756 -sneque
572 3675 632 3736 boc
655 3677 755 3756 ipsum
779 3675 891 3755 Virgilii
919 3685 1111 3756 praeceptum

8 3765 111 3828 rrbor
143 3765 174 3828 la
193 3765 213 3824 l.
240 3785 276 3824 ea
307 3763 367 3824 dici
399 3763 532 3838 videtur,
571 3762 776 3841 respicientem
805 3761 843 3821 H.
873 3762 908 3821 N.
930 3761 1110 3838 xvfl‚14.:

8 3867 63 3924 puae
88 3853 230 3911 musitata
250 3850 384 3924 attriti,
407 3857 443 3909 ut
456 3849 534 3908 Vos-
574 3847 674 3925 „Oleis
688 3849 765 3908 circa
788 3847 899 3906 medias
912 3857 1032 3910 succus:
1054 3848 1110 3906 in-

8 3935 54 3993 ius
75 3938 245 4012 existimat,
274 3955 334 4014 qus
356 3936 389 3998 in
415 3935 534 3994 ratione
576 3933 620 3992 de
641 3943 680 3992 et
702 3933 869 3992 surculi:
902 3933 1111 3994 cacuminasi-

8 4021 87 4080 ninus
114 4025 242 4083 somus
269 4020 436 4100 displicebit
458 4019 534 4079 illud
574 4020 764 4079 tiunt.——
784 4017 977 4098 Virgilius
999 4039 1111 4079 exos-

8 4127 154 4176 ,summa
189 4127 227 4168 ex
255 4108 406 4182 arbore,“
442 4125 532 4184 quam
574 4104 864 4165 cumineinseri
885 4117 1006 4166 vetat.
1037 4107 1110 4166 Cer-

8 4195 231 4268 psaseutentiae
246 4193 413 4253 obscenitas
427 4201 533 4251 stora-
572 4200 698 4269 tumque
719 4197 777 4264 est,
799 4187 837 4246 ab
860 4187 1038 4252 humeris
1059 4213 1111 4251 ar-

8 4277 34 4335 io
59 4300 125 4338 non
151 4279 220 4340 satis
246 4279 402 4353 distincta,
439 4295 534 4355 quum
573 4277 683 4336 borum
701 4274 845 4334 orientem
874 4278 1020 4336 aestimans
1041 4297 1110 4357 spe-

8 4383 137 4424 nmms
163 4367 324 4444 flagella
346 4373 376 4424 et
399 4364 463 4442 ipss
474 4381 533 4422 vo·
575 4361 726 4422 stantibus
759 4359 894 4419 surcrtlos
929 4363 1110 4442 petendos.“

8 4451 52 4509 ari
64 4451 192 4531 possint,
211 4469 339 4530 quaem
353 4467 468 4510 summa
482 4467 533 4508 ar-
575 4447 633 4526 dt,
662 4445 792 4526 inquies,
822 4445 860 4505 de
883 4447 995 4508 vitibus
1018 4447 1109 4508 modo
