2784 4988
318 388 594 468 EDl'l'IONlS
621 392 816 468 PRIMAE
842 393 984 470 LXVII
1118 419 1211 471 xxxv

87 601 183 670 enm,
218 601 331 680 qnos
359 601 457 654 cum
478 576 618 677 insigni
641 578 776 680 aliquo
802 577 909 658 bene
931 579 983 658 de
1005 595 1137 662 meet
1159 583 1211 662 de

86 681 239 780 Virgilio
255 679 455 760 merendi
470 681 602 760 studio
618 681 689 760 Vir
701 682 843 763 lllustr.
857 683 928 762 Iul
945 687 1031 764 Car.
1048 684 1211 764 Schlae-

83 809 190 885 germ
211 799 257 862 et
281 783 491 862 obtulerat
516 798 557 862 et
575 785 843 888 inspiciendos
862 789 1041 884 miserat,
1077 814 1211 866 excer-

84 904 160 990 ptas
185 890 412 984 lectiones,
441 887 493 964 de
518 889 661 990 quibus
677 888 813 990 paullo
829 903 921 992 post
943 889 1089 988 dicam,
1115 895 1211 969 sub-

85 995 157 1072 ieci
210 993 496 1071 constituam
517 991 685 1094 quidem
706 993 754 1068 ab
775 993 888 1070 initio
906 993 1124 1094 habebam,
1150 996 1209 1074 di-

84 1097 223 1174 leeunn
242 1097 429 1200 aliquem
441 1097 674 1172 variantium
691 1096 929 1193 lectionum,
957 1097 1069 1201 qnod
1082 1101 1211 1178 iussus

83 1225 210 1296 eram,
263 1198 413 1277 facere.
469 1200 712 1298 Enimvero,
752 1225 834 1303 quo
866 1204 991 1300 magis
1026 1204 1210 1300 rationes,

82 1328 250 1397 mussas,
279 1317 324 1380 et
345 1327 441 1378 usus
463 1327 599 1378 earum
620 1304 662 1378 in
709 1329 927 1406 uocunque
941 1305 1133 1406 scriptore
1150 1308 1211 1384 in·

80 1407 299 1503 tellexeris,
336 1429 388 1482 eo
412 1403 680 1484 difficiliorem
733 1409 823 1484 nius
841 1407 995 1486 consilii
1018 1406 1212 1488 effectum

81 1537 159 1588 esse
187 1508 431 1612 praevideas
442 1514 490 1609 *).
549 1509 725 1606 Deinde,
760 1512 793 1588 si
822 1512 1038 1590 inventutis
1065 1511 1212 1592 utilita-

81 1629 157 1692 tem
179 1613 483 1716 respiciendam
506 1637 593 1690 esse
614 1613 788 1711 duxeris,
822 1627 868 1691 ut
887 1615 914 1692 ii
940 1614 1116 1718 aliquem
1140 1615 1212 1694 ha·-

80 1741 166 1796 rum
190 1741 339 1794 rernm
365 1740 485 1792 nsum
508 1731 823 1820 consequantur,
863 1719 905 1794 in
930 1718 1004 1801 tali
1022 1719 1210 1818 editione,
1266 1807 1271 1814 ,

81 1823 206 1898 multo
231 1834 373 1898 autem
396 1820 522 1922 magis
550 1822 590 1897 in
620 1821 687 1897 tali
711 1835 830 1924 poeta
852 1821 952 1898 nihil
979 1822 1117 1900 abesse
1138 1847 1210 1902 vo·

79 1923 232 2022 lebam,
265 1948 350 2026 quo
375 1922 426 1999 ad
446 1925 677 2000 varietatem
699 1924 880 2001 lectionis
902 1925 1065 2027 eiusque
1089 1951 1210 2008 utum

78 2031 249 2106 omnino
267 2026 596 2125 cognoscendum
611 2027 915 2107 adducerentur.
950 2029 1099 2108 Reisltii
1112 2055 1211 2108 con-

78 2135 247 2210 iecturas
270 2129 487 2208 nonnullas
518 2141 559 2208 et
582 2131 879 2211 observationes
900 2155 975 2232 pro
997 2133 1209 2234 multipiici

81 2239 267 2340 variaque
298 2234 500 2326 doctrina,
532 2259 636 2416 prae
657 2235 698 2310 in
722 2260 772 2312 eo
796 2237 892 2313 Viro
918 2249 995 2332 est,
1024 2249 1064 2312 et
1086 2260 1210 2336 geue*

81 2341 290 2418 remrein
309 2339 547 2414 correction'
578 2361 626 2416 us
645 2339 805 2440 spiritu,
832 2363 917 2416 non
943 2353 1209 2420 contemnen·
1339 2429 1346 2440 ,

81 2443 163 2541 das,
197 2447 242 2520 in
280 2443 398 2518 variis
428 2439 478 2517 ad
502 2443 694 2541 Georgica
720 2442 817 2518 locis
840 2443 1008 2538 inserui;
1047 2445 1210 2522 miserat

79 2550 186 2624 enim
209 2545 266 2624 ad
288 2569 358 2622 me
385 2543 456 2624 Vir
479 2557 519 2622 et
540 2545 640 2622 olim
662 2547 745 2622 mei
766 2545 967 2624 studiosus
987 2568 1064 2648 pro
1083 2547 1210 2627 bure-

75 2651 250 2728 rolentia
271 2673 343 2726 sua
365 2661 407 2724 et
429 2647 677 2726 humanitate
693 2650 984 2747 Georgicorum
1008 2666 1124 2726 exem
1153 2649 1212 2728 lar

73 2780 197 2832 manu
214 2779 291 2830 sua
308 2764 495 2828 notatum
519 2777 565 2828 ea
590 2751 697 2850 lege,
722 2766 786 2848 ut,
814 2777 918 2854 quae
942 2751 1037 2829 inde
1064 2677 1210 2830 tollere

73 2857 394 2959 artrelinqueue
408 2854 577 2953 vellem,
605 2855 832 2932 ldiertatem
847 2853 1007 2934 faceret.

173 3069 230 3144 Et
269 3063 463 3140 hactenus
499 3059 664 3164 quidem
701 3060 753 3138 de
792 3059 999 3138 conatibus
1027 3061 1132 3140 meis
1164 3063 1205 3142 in

73 3169 207 3270 ipsum
236 3179 415 3268 poetae.
473 3167 626 3260 Restat,
661 3178 708 3242 ut
740 3165 914 3242 breviter
945 3163 1120 3244 indicem
1148 3191 1206 3264 ea,

72 3297 177 3374 qnae
195 3271 295 3348 lanic
309 3266 544 3370 praefationi
558 3269 734 3345 subiecta
747 3271 849 3347 sunt
888 3269 1088 3367 Primum,
1115 3295 1208 3348 cum

71 3379 274 3453 variantes
287 3373 482 3449 lectiones
495 3396 542 3447 ex
559 3373 650 3448 satis
666 3395 812 3470 magno
836 3369 1021 3448 codicum
1040 3373 1210 3474 scripto·

71 3507 164 3561 rum
196 3501 377 3556 nurnero
406 3475 634 3552 excitandae
667 3489 818 3574 essent,
861 3499 1036 3578 quorum
1059 3489 1106 3554 ut
1133 3475 1209 3572 alii,

72 3585 140 3686 qni
170 3580 354 3660 eandem
381 3603 544 3656 mecum
576 3577 698 3655 telam
721 3603 804 3655 non
834 3577 1069 3674 detexuere,
1103 3581 1210 3654 noti·
1278 3645 1281 3658 .

71 3689 183 3784 tiam,
196 3699 241 3764 et
257 3697 409 3788 quanta
424 3683 614 3784 cuiusque
633 3684 841 3759 auctoritas
858 3695 972 3777 esset,
988 3683 1029 3756 in
1044 3695 1209 3781 promtu

73 3791 293 3882 haberent,
322 3785 521 3889 postulari
529 3811 613 3862 non
630 3799 806 3888 poterat;
832 3783 1108 3882 abiungenda
1126 3797 1211 3862 crat

74 3895 204 3998 aliqua
228 3917 378 3970 eorum
395 3891 548 3968 notatio
565 3903 607 3966 et
628 3889 859 3990 descriptio,
886 3889 929 3974 in
944 3911 1040 4008 qua,
1066 3913 1112 3966 re
1126 3887 1209 3990 ipsa

78 3999 283 4094 mutante,
313 4019 405 4072 non
425 3992 553 4070 modo
576 3992 772 4068 nonnulla
796 3989 1022 4089 diligentins
1043 3993 1205 4088 excussi,

79 4127 175 4202 qnae
195 4101 247 4180 ad
268 4101 427 4178 horum
447 4096 632 4174 codicum
651 4093 857 4172 historiam
873 4107 1113 4194 spectarent,
1140 4119 1208 4208 ye-

117 4315 206 4379 Ἥ.
223 4315 320 4380 nodo
333 4305 503 4376 Wetttemi
511 4307 622 4387 proleg.
662 4305 758 4386 praef.
786 4302 825 4364 ad
849 4301 965 4364 Momin
988 4321 1022 4383 p.
1043 4303 1113 4368 XX.
1134 4305 1208 4366 Vsa.

91 4397 156 4462 aa.
169 4403 202 4466 Τ.
218 4423 252 4486 p.
268 4397 476 4472 199-201.
491 4391 621 4454 riuus
664 4388 784 4454 &nuti
798 4391 891 4470 praes.
904 4389 1000 4450 Taciti
1015 4410 1041 4454 a.
1055 4393 1085 4456 8.

944 4493 1000 4559 0*
