2784 4988
217 403 337 458 uun
401 347 404 364 '
502 383 580 456 nx
615 381 1045 460 unaararroun

219 581 338 665 esset,
365 565 456 644 fore
475 581 520 648 ut
541 566 675 672 paullo
697 579 791 671 post
815 565 894 646 hoc
911 570 1042 670 ipsum
1064 567 1260 647 volumen
1280 595 1339 647 re-

219 672 394 750 cudatur.
979 715 983 723 ·

322 780 434 872 Quae
451 773 493 850 in
515 774 842 876 interpretatione
864 799 958 852 mea
977 776 1234 879 potissimum
1256 800 1339 878 spe-

169 884 173 891 “
219 880 375 975 marim,
402 879 509 968 satis,
536 891 654 979 puto,
681 877 903 979 expositum
926 904 1035 956 ame
1052 877 1338 1058 est-inpressa-

219 983 393 1060 tionibus
414 983 667 1082 superiorum
688 979 951 1062 voluminum.
1001 989 1146 1084 Neque
1167 985 1178 1059 i
1211 1004 1259 1058 eo
1282 1007 1339 1057 re-

219 1101 358 1188 petere
370 1107 535 1162 necesse
549 1099 624 1184 est,
652 1111 718 1162 me
740 1100 781 1161 et
797 1085 1021 1162 doctrinam
1035 1087 1187 1184 Virgilii
1205 1099 1245 1163 et
1259 1111 1339 1161 ora-

220 1191 337 1280 tionis
372 1191 551 1294 poeticae
579 1188 760 1267 indolem
792 1213 836 1264 ac
868 1213 1019 1265 caussas
1041 1191 1225 1292 inprimis
1249 1213 1339 1292 enu7

221 1293 351 1374 cleare
376 1291 556 1372 voluisse.
617 1293 739 1388 Quod
774 1293 805 1368 si
834 1293 1129 1394 reprehensum
1162 1296 1204 1370 in
1228 1317 1339 1394 opera
1377 1323 1378 1366 a

220 1423 311 1474 mea
333 1395 425 1493 suit,
451 1421 518 1472 me
545 1397 586 1471 in
606 1395 808 1475 nonnullis
832 1394 929 1472 locis
945 1399 1080 1473 tenuia
1098 1421 1187 1474 esse
1202 1421 1338 1498 sequu-
1376 1429 1378 1468 l

220 1516 327 1598 tum,
358 1511 491 1601 potest
514 1498 593 1575 hoc
617 1498 724 1576 forte
757 1499 963 1602 aliquoties
993 1499 1145 1577 factum
1171 1521 1255 1578 esse
1276 1524 1338 1600 pa·
1376 1533 1378 1574 ι

220 1631 312 1681 rum
329 1615 578 1704 opportune,
607 1628 691 1680 uon
711 1617 848 1679 tamen
863 1603 1038 1682 oblivisci
1057 1605 1262 1681 debebant
1274 1600 1337 1684 viri
1377 1635 1378 1680 l

222 1708 328 1783 docti
342 1705 403 1800 id,
431 1707 541 1807 quod
560 1708 639 1781 iam
656 1707 753 1782 olim
778 1707 923 1784 diserte
938 1711 1095 1804 monui,
1124 1731 1193 1786 me
1208 1705 1335 1784 fecisse
1377 1739 1378 1784 l

128 1881 132 1890 r
221 1811 263 1886 id
283 1808 423 1885 sedulo
440 1809 539 1885 iniis
554 1809 670 1907 locis,
697 1811 766 1886 ubi
784 1812 1010 1912 superiores
1024 1813 1264 1913 interpretes
1280 1819 1337 1886 aut
1377 1885 1378 1892 ἵ

221 1914 392 1990 haesisse
407 1925 474 1990 aut
493 1913 623 2014 lapsos
647 1937 733 1990 esse
753 1915 958 2008 videbam;
985 1929 1073 1992 tum
1087 1913 1263 1994 formula
1284 1912 1336 1984 lo·
1374 1952 1378 1994 i

222 2017 371 2120 quendi
394 2041 468 2117 per
489 2042 532 2093 se
552 2015 658 2094 forte
679 2033 763 2094 erat
786 2019 875 2094 satis
901 2031 1015 2114 nota,
1044 2045 1138 2095 cum
1153 2015 1337 2095 cumulas-
1374 2033 1378 2102 t

221 2135 311 2196 sent
332 2119 392 2196 alii
416 2120 611 2221 exempla,
638 2121 710 2198 sed
734 2147 865 2198 caussa
887 2136 926 2198 et
941 2124 1059 2215 rati0,
1086 2137 1134 2198 ut
1151 2125 1192 2198 in
1208 2119 1335 2223 pleris-
1376 2155 1378 2206 1

223 2249 302 2328 que
316 2223 404 2300 lieri
428 2223 547 2318 solet,
571 2226 704 2300 minus
727 2239 810 2300 erat
824 2251 895 2302 seu
917 2226 1144 2324 observata,
1172 2251 1242 2302 seu
1256 2245 1336 2324 per·
1377 2267 1378 2308 l

221 2339 373 2432 specta:
413 2327 515 2404 hanc
547 2327 668 2426 digito
698 2343 920 2406 monstrare
951 2329 1080 2423 volui;
1121 2329 1283 2408 tandem
1303 2335 1335 2396 ct
1375 2371 1378 2416 4

220 2431 345 2508 multa
363 2432 404 2506 in
425 2431 504 2508 hoc
530 2455 678 2530 genere
701 2458 786 2510 esse
809 2433 941 2508 solent
962 2435 1052 2512 satis
1073 2433 1208 2529 obvia,
1236 2431 1267 2505 si
1283 2450 1335 2501 se-

220 2535 304 2612 mel
325 2536 373 2610 ab
398 2534 529 2638 aliquo
554 2535 759 2615 observata
786 2551 826 2613 et
847 2537 1035 2638 explicata
1061 2533 1229 2626 fueriut3
1261 2551 1333 2606 non
1377 2581 1378 2626 ,

220 2664 311 2715 raro
334 2652 469 2716 tamen
494 2640 641 2736 evenit,
667 2654 712 2716 ut
736 2639 800 2718 illa
822 2642 905 2742 ipsa
925 2638 1108 2716 facillima
1130 2641 1250 2733 ratio,
1276 2655 1335 2710 au-
1375 2681 1378 2726 ,

221 2758 385 2844 tequam
412 2757 630 2820 monstrata
652 2754 777 2844 esset,
811 2743 1099 2846 plerorumque
1123 2742 1261 2821 oculos
1280 2734 1334 2812 su·
1377 2787 1378 2834 3

220 2861 343 2946 geret.

324 2956 359 3028 A
374 2949 633 3027 ‘cumulandis
658 2951 845 3053 exemplis
868 2951 1010 3028 sedulo
1033 2940 1227 3046 ab'stinui,
1254 2963 1354 3026 cum-t
1377 3033 1378 3036 ,

221 3054 390 3128 omniuo
420 3078 548 3129 essem
573 3053 788 3154 proclivior
816 3055 865 3131 ad
895 3057 1167 3142 observandas
1197 3066 1333 3128 caussas
1377 3131 1378 3144 ,

221 3153 444 3230 formarum
458 3153 651 3255 loquendi
667 3171 706 3230 et
722 3157 1026 3255 elegantiarum3
1053 3171 1228 3261 possunt
1238 3151 1334 3230 enim
1376 3207 1378 3248 ,

223 3257 402 3358 exempla
429 3257 588 3333 alicuius
613 3256 769 3335 formae
794 3265 941 3364 apponi
963 3266 1122 3356 vicena,
1151 3275 1191 3338 et
1212 3273 1333 3338 tamen
1375 3311 1378 3354 ,

223 3361 390 3438 obscura
409 3385 571 3436 manere
586 3357 742 3439 formae
759 3366 816 3440 vis
840 3392 884 3442 ac
899 3369 1015 3446 ratio:
1042 3367 1084 3444 id
1101 3363 1213 3469 quod
1227 3376 1332 3458 saepe
1377 3411 1378 3458 3

222 3467 263 3542 in
293 3467 470 3540 virorum
504 3463 847 3567 doctissimorum,
889 3472 1008 3547 etiam
1028 3473 1110 3549 Nic.
1135 3463 1279 3546 Heinsii
1301 3469 1333 3533 et
1375 3517 1378 3570 ,

221 3569 449 3667 Burmanni,
463 3567 1043 3673 disputationibuslongissimis
1058 3567 1333 3651 fa'ctumanim-
1376 3583 1378 3644 l

222 3673 420 3766 advertas;
458 3671 574 3770 dum,
610 3673 708 3774 quid
736 3700 783 3751 ex
807 3676 870 3752 his
903 3676 1034 3776 colligi
1056 3679 1181 3779 possit
1205 3699 1247 3750 ac
1271 3667 1332 3744 de·
1377 3721 1378 3768 ,

220 3777 330 3874 beat,
358 3789 423 3852 aut
438 3776 510 3878 ipsi
527 3801 671 3878 parum
685 3803 941 3880 perspexere,
967 3793 1051 3878 aut,
1079 3783 1111 3857 si
1132 3771 1333 3883 perspicie-
1377 3831 1378 3870 ,

221 3881 334 3974 bant,
374 3903 544 3958 monere
577 3879 798 3979 neglexere.
851 3886 897 3959 ln
928 3884 1117 3982 elegantia
1142 3896 1271 3960 autem
1299 3879 1332 3943 el
1377 3927 1378 3974 ,

221 3997 364 4060 ornatu
380 3985 583 4082 orationiS,
611 3985 872 4087 inprimisque
887 3989 1068 4088 poetico,
1094 3987 1265 4066 multum
1275 3997 1331 4052 re·
1377 4035 1378 4080 ,

107 4163 109 4168 ,
220 4085 315 4180 fert,
343 4111 391 4162 an
409 4099 544 4164 teneas
559 4113 735 4164 caussam
754 4089 980 4185 acmodum
999 4087 1187 4188 figuratae
1204 4081 1331 4188 dictio-
1377 4137 1378 4182 ,

219 4191 298 4281 nis,
325 4191 502 4266 inversae
522 4205 758 4286 structurae,
791 4207 965 4270 mutatae
984 4193 1152 4292 vulgaris
1178 4201 1331 4267 consue·
1377 4247 1378 4284 ,

219 4294 367 4370 tudinis
388 4293 428 4367 in
450 4294 744 4394 exquisitiorem
768 4321 812 4370 ac
841 4295 1083 4392 doctiorem,
1119 4317 1220 4398 quae
1243 4305 1330 4390 p08·
1377 4367 1378 4370 ,

220 4409 303 4472 tam
325 4395 483 4488 deceat;
523 4421 598 4474 nec
620 4399 693 4484 nisi
720 4399 819 4476 haec
850 4401 1094 4501 perspexerit
1117 4395 1252 4500 aliquis
1277 4407 1331 4462 ac·
1377 4441 1378 4488 ἢ
