2784 4988
336 375 610 454 EDITIONIS
635 378 829 456 PRIMAE
855 379 995 456 vafl
1149 405 1232 459 mr

102 567 275 641 vationes
300 563 530 659 attulerim,
557 577 595 640 at
618 563 736 642 utiles
760 579 895 642 tamen
923 569 1233 644 commentarios

99 671 137 746 in
153 683 375 770 poetarum
402 669 625 770 principem
652 667 879 746 condidisse
896 669 1022 745 videri
1047 669 1232 769 debeam,

99 773 309 874 inquibus
328 797 374 847 ea
391 768 597 874 proposita
620 773 720 867 sint,
742 775 886 874 quibus
917 771 999 848 eins
1024 772 1142 850 lectio
1164 777 1233 852 ad-

100 879 239 974 iuvari,
269 875 576 971 commendari,
604 889 661 969 et,
687 877 827 953 sinon
852 877 963 952 omni
983 877 1164 954 molestia
1185 880 1233 956 li-

99 981 250 1074 berata,
292 993 336 1054 at
359 1005 454 1055 cum
474 980 676 1079 voluptate
695 993 830 1057 tamen
855 979 984 1082 aliqua
1011 982 1232 1080 coniuncta,
1324 1027 1332 1038 ·

102 1085 220 1160 rideri
241 1084 385 1184 possit
438 1085 577 1186 Itaque
601 1107 676 1158 nec
696 1083 919 1163 doctrinam
969 1096 1125 1184 oetae*)
1143 1086 1235 1163 illu--

97 1202 220 1264 strare
249 1185 432 1283 neglexi,
469 1199 525 1284 et,
556 1187 688 1292 siqua
714 1185 761 1262 ab
789 1214 838 1263 eo
862 1111 1035 1286 erudite,
1059 1189 1140 1266 hoc
1164 1203 1233 1288 est,
1291 1263 1295 1280 ,

98 1293 174 1368 sire
196 1315 246 1367 ex
263 1288 415 1365 sabulis
435 1303 476 1364 et
497 1289 668 1366 historiis
687 1293 867 1366 arcessita
892 1292 974 1367 sive
996 1315 1042 1365 ex
1062 1296 1234 1369 Graeco-

97 1421 186 1470 rum
204 1407 429 1494 poetarum
443 1394 663 1469 imitatione
679 1396 808 1495 posita
829 1407 972 1484 essent,
999 1391 1063 1470 illa
1081 1393 1180 1492 loca,
1204 1397 1237 1484 si

97 1509 338 1600 supersunt,
367 1496 546 1592 excitavi,
572 1521 648 1572 nec
673 1511 825 1592 tamen,
855 1499 927 1579 etsi
946 1498 1027 1572 hoc
1047 1523 1157 1576 nme
1176 1498 1236 1576 fa*-

98 1615 208 1678 ttnm
232 1624 326 1678 esse
346 1599 552 1676 interdum
569 1595 752 1696 mallem,
779 1603 929 1700 integra
947 1600 1156 1704 adscripsi,
1182 1627 1235 1678 ne

95 1705 230 1780 moles
254 1705 645 1783 commentariorum
670 1705 842 1782 modum
864 1703 1102 1804 excederet,
1142 1711 1234 1802 Quo

99 1809 254 1886 eedem
291 1821 408 1885 metu
447 1832 522 1882 nec
556 1808 733 1910 exempla
765 1833 996 1884 coacervare
1021 1811 1063 1884 in
1093 1809 1235 1886 dictio-

95 1939 148 1988 ne
177 1909 418 2012 explicanda
445 1911 575 2006 volui,
607 1911 698 2008 sed,
733 1937 825 1988 cum
849 1913 1086 1990 brevitatem
1112 1939 1235 1990 ruram

93 2017 294 2094 omniurn
314 2015 529 2090 maximam
547 2016 736 2092 virtutem
762 2016 847 2092 talis
872 2041 1018 2116 operae
1047 2041 1133 2095 esse
1159 2043 1235 2120 pu-

94 2135 253 2215 tarem,
288 2120 607 2220 quotiescunque
632 2119 760 2215 licuit,
795 2133 861 2196 aut
883 2117 1008 2196 verbo
1029 2145 1118 2196 rem
1144 2145 1236 2196 mo·
1272 2189 1273 2194 ,

97 2226 191 2317 nui,
222 2235 294 2298 aut
311 2221 364 2296 ad
388 2223 494 2298 viros
518 2221 658 2297 doctos
682 2223 876 2299 lectorem
897 2225 1047 2322 remisi,
1075 2226 1144 2328 qui
1167 2249 1235 2302 co-

96 2323 659 2439 piosioremfflisputationem
675 2325 926 2407 desideraret

204 2487 296 2559 Nec
323 2493 459 2554 tamen
486 2491 611 2554 totam
636 2505 771 2556 meam
792 2481 1112 2584 qualemcunque
1137 2506 1236 2582 ope-

97 2611 184 2660 ram
221 2583 289 2660 his
325 2581 472 2658 finibus
508 2583 774 2662 circumscribi
802 2611 938 2686 passus
970 2607 1070 2662 sum.
1132 2589 1236 2662 Cum

96 2687 296 2788 Virgilius
323 2687 355 2761 is
373 2687 441 2783 sit,
468 2687 508 2761 in
536 2711 616 2788 quo
640 2685 813 2785 legendo
836 2711 977 2788 magna
1004 2685 1237 2797 iuvenilium

99 2793 336 2868 studiorum
365 2815 454 2890 pars
483 2791 661 2865 consumi
688 2791 849 2888 soleat,
869 2815 918 2867 eo
945 2790 1111 2892 quidem
1140 2814 1237 2864 con-

95 2895 214 2992 silio,
253 2892 485 2972 dummodo
513 2893 627 2968 multi
659 2893 700 2969 id
731 2895 805 2969 sibi
831 2895 1085 2995 propositum
1112 2891 1238 2969 habe-

95 3013 216 3094 rent,
257 3009 306 3072 ut
336 2995 386 3071 ad
416 2995 716 3072 adolescentum
748 2997 903 3097 ingenia
936 2995 1143 3098 polienda,
1186 2995 1238 3074 ad

98 3127 273 3178 sensum
296 3113 337 3174 et
356 3113 517 3198 gustum
535 3099 809 3202 pulcritudinis
834 3101 1079 3194 acuendum,
1106 3099 1156 3176 ad
1175 3101 1237 3176 iu·
1356 3127 1359 3134 ·

101 3207 259 3282 dicium
295 3201 348 3278 de
377 3201 565 3278 omuibus
593 3203 658 3299 iis,
749 3229 794 3280 ae
825 3203 873 3280 ab
904 3218 985 3280 arte
1012 3218 1051 3280 et
1074 3206 1235 3303 ingenio

103 3311 311 3386 elaborata
348 3319 389 3382 et
419 3331 598 3406 expressa
630 3231 839 3384 oolliimm
872 3309 1074 3410 animique
1103 3309 1236 3384 sensui

102 3413 246 3490 subiici
269 3423 457 3512 possunt,
485 3406 785 3486 informandum
808 3409 937 3488 valere
959 3411 1023 3486 illa
1051 3409 1169 3488 lectio
1198 3423 1238 3486 et

104 3519 185 3594 rim
202 3515 358 3592 babere
381 3512 612 3612 debeat**),
638 3511 717 3591 feci
736 3513 796 3611 id,
824 3513 935 3618 quod
953 3516 994 3590 in
1012 3513 1089 3590 alio
1104 3526 1236 3616 poeta,

146 3727 174 3812 1’)
196 3727 365 3788 amaretur
391 3743 456 3784 eom
480 3733 569 3803 poeta
592 3723 656 3803 ipse
698 3723 738 3784 ad
763 3725 957 3808 Tragioorum
982 3723 1141 3786 lectionem
1167 3744 1238 3804 rpe-

108 3813 137 3873 in
162 3815 295 3896 Epistola
326 3810 368 3871 ad
393 3807 564 3889 Augustum
581 3811 656 3869 Coe-
699 3820 792 3872 ctam.

112 3921 213 3980 m,
249 3901 295 3960 ait
322 3897 424 3956 enim:
454 3915 486 3953 ac
512 3897 657 3974 r'mpm'ri
740 3895 783 3980 **)
809 3895 937 3971 Quintil.
966 3895 992 3970 l,
1016 3897 1050 3972 8,
1078 3893 1100 3960 4
1135 3896 1237 3956 Cetera

113 3985 182 4066 (bs.
196 3981 365 4064 adhihere)
380 3982 450 4042 alia
462 4001 578 4062 quoqne
590 3993 655 4040 atta-
698 3982 900 4041 admonitione
920 4001 1037 4060 mgna
1059 3993 1163 4060 egent,
1188 3986 1237 4040 in-

111 4075 169 4152 aa,
189 4097 289 4160 quam
312 4086 515 4130 mmmmm
534 4080 562 4125 et
578 4087 656 4144 poe·
691 4071 818 4147 primis,
843 4079 1007 4127 attonem
1020 4080 1148 4141 mentes,
1172 4079 1237 4126 tro-

108 4167 180 4241 nus,
202 4163 378 4239 ,nauoque
398 4155 543 4232 poliam,
566 4151 659 4210 adid
697 4167 855 4232 canaeque
875 4151 986 4226 αἰιίω,
1021 4151 1167 4233 quicqua!
1183 4173 1238 4210 ru·-

107 4273 183 4330 pm,
222 4243 407 4312 Aeneidem
439 4245 526 4318 pou.
575 4235 657 4296 llaec
697 4237 785 4298 dibus
811 4251 841 4296 et
863 4240 996 4297 omnum
1018 4239 1136 4316 ignaris
1157 4239 1239 4294 inse-

105 4351 155 4402 mq
171 4361 223 4416 η,
256 4349 348 4416 quae
375 4325 419 4384 ad
446 4321 657 4400 antiquitatem
698 4325 790 4398 derit,
822 4343 883 4381 non
903 4325 990 4382 modo
1016 4341 1094 4402 quoe
1113 4321 1236 4397 dhone,

103 4427 262 4512 qm,
294 4409 456 4498 inprimis
480 4407 598 4484 Italiae,
625 4417 657 4468 et
698 4409 752 4468 red
762 4409 813 4468 vel
823 4412 925 4487 magia
934 4427 1013 4490 qam
1024 4408 1148 4466 samaa
1160 4419 1238 4481 emt,
