2656 5008
178 407 531 485 GEORGICON
557 409 660 487 LIB.
687 411 722 504 1,
750 414 968 491 471-486
1054 421 1128 493 577

33 595 167 672 Proluit
180 597 315 670 insano
333 607 603 697 contorquens
617 593 763 671 vertice
777 595 891 673 silvas

32 701 242 774 Fluviornm
255 723 324 774 rex
337 699 548 786 Eridanus,
576 723 818 800 camposque
832 725 906 800 per
923 705 1053 778 omnis

32 807 122 880 Cum
133 801 288 878 stabulis
303 815 481 878 armenta
496 801 593 882 tulit.
645 807 728 880 Nec
745 815 930 904 tempore
948 806 1094 885 eodem

31 907 205 982 Tristibus
221 918 288 980 aut
305 897 399 982 ex'tis
415 904 541 981 fibrae
560 905 750 1006 adparere
766 906 958 1005 minaces,

30 1015 95 1084 lut
111 1011 234 1110 puteis
247 1033 409 1086 manare
427 1033 545 1086 cruor
557 1009 735 1103 cessavit,
760 1022 800 1084 et
815 1007 913 1085 altae
1055 1015 1131 1091 485

29 1117 93 1188 Per
105 1126 263 1188 noctem
275 1135 464 1190 resonare
477 1112 579 1214 lupis
598 1111 838 1188 ululantibus
851 1111 982 1192 urbeS.

68 1237 146 1312 tes.
174 1255 379 1328 cassuv1r3
439 1239 525 1313 486.
551 1255 774 1330 nuscum,
824 1253 1105 1332 uuuuuurnaus,

52 1388 96 1442 481
114 1391 228 1442 Proruit
239 1389 329 1442 Sobel.
344 1390 438 1458 Cruqu.
457 1390 551 1440 Horat.
565 1388 648 1440 Germ.
660 1389 706 1454 lv,
723 1385 749 1441 4.
772 1386 826 1439 vid.
839 1391 925 1441 bum.
961 1391 1064 1442 vortice
1077 1388 1131 1441 alii.

30 1458 122 1524 [uertice
139 1475 230 1511 omues
244 1459 322 1512 codd.
334 1459 425 1510 Heius.
447 1459 518 1518 Wul
543 1459 595 1510 vid.
612 1457 689 1510 eund.
725 1458 975 1528 (adten.1‚117.:
995 1459 1132 1529 „rapidus

28 1541 94 1577 rorat
106 1545 225 1598 aequore
244 1533 364 1582 Μετ’·
382 1529 448 1580 haee
468 1527 559 1580 scribit
578 1527 714 1580 Heinsius:
740 1527 895 1592 „Me-diceus
917 1539 943 1580 et
965 1527 1050 1580 hicet
1067 1527 1131 1580 alibi

27 1613 125 1663 smper,
142 1597 247 1666 quoties
261 1615 293 1648 ea
311 1615 362 1650 vox
378 1597 428 1649 luto
441 1597 630 1666 significatione
646 1597 769 1662 offertur,
792 1601 913 1648 vertex.“
946 1597 1034 1666 anue
1047 1597 1132 1650 forma

27 1665 105 1734 ubique
121 1667 193 1734 apud
216 1666 326 1735 Foggiu.
347 1677 444 1731 exstet,
474 1667 525 1718 nisi
546 1667 617 1736 quod
634 1669 681 1718 Ge.
702 1668 752 1730 111,
771 1664 831 1720 841.
852 1665 1002 1720 vorticibus
1019 1665 1130 1734 legitur5

26 1736 62 1784 ssd
73 1753 146 1803 quum
162 1736 197 1787 ad
214 1754 272 1788 eum
282 1737 366 1807 ipsum
379 1753 480 1787 versum
496 1735 619 1788 Heinsius
633 1736 753 1798 adnotet,
770 1734 886 1787 inlibris
901 1733 1002 1788 insule
1022 1735 1029 1748 “
1043 1737 1131 1788 verti-

25 1802 96 1868 ebas,
119 1803 161 1856 six
175 1805 295 1869 dubites,
319 1806 381 1875 quin
391 1806 537 1874 Fogginius
549 1805 576 1856 iu
591 1823 622 1858 eo
636 1805 796 1873 exesupluri,
839 1805 892 1856 uod
912 1806 947 1858 ad
964 1823 994 1856 co
1015 1805 1130 1857 .Medic.

25 1889 69 1922 ase
82 1884 199 1928 meum
215 1875 369 1944 typothetae
383 1875 579 1944 exprimendum
590 1875 716 1938 tradidit,
739 1823 889 1943 imprudens
904 1873 1054 1926 vorticibus
1064 1875 1132 1926 reli-

25 1942 99 2008 querit.
135 1946 223 2008 Quare
241 1945 383 1996 consultius
397 1944 472 2008 duxi,
490 1943 587 2014 ubique
599 1958 695 1996 vertex
708 1943 831 1996 retinere.
856 1945 928 1996 lderu
941 1953 1032 1998 censet
1045 1945 1130 2014 Heyn.

25 2011 49 2060 td
64 2013 108 2064 Ge.
121 2015 172 2076 lli,
194 2013 271 2076 241„
297 2014 339 2066 cui
354 2014 493 2065 assentitur
509 2013 648 2066 Wunderl.
667 2014 779 2066 Praefat.
801 2013 836 2067 sd
854 2013 922 2066 Edit.
947 2013 1008 2068 min.
1029 2032 1056 2082 p.
1069 2015 1131 2066 ΧΠ.

26 2081 177 2133 ll'sicbertns
191 2095 277 2134 tanuen
291 2083 324 2134 nd
337 2083 396 2136 vat.
411 2084 450 2136 Fl.
464 2083 482 2135 l.
499 2085 569 2147 vni,
583 2083 643 2137 848.
663 2082 973 2152 antiquioribuspoetia,
997 2093 1025 2134 et
1043 2083 1070 2134 iu
1089 2084 1130 2135 luis

25 2149 137 2218 l'ugilio‚
168 2151 280 2202 tonnam
307 2165 405 2205 vortex
431 2150 536 2204 restitui
563 2151 643 2204 iubet.
677 2151 746 2216 We)
833 2152 888 2208 482
909 2152 1131 2204 Pronuntiandum

25 2219 176 2280 fluuiorum.
195 2220 259 2272 lacit
271 2221 323 2274 boo
334 2222 369 2273 ad
382 2221 536 2290 gravitatem
548 2239 644 2273 versus.
680 2223 719 2291 (ln
731 2221 850 2274 Medioeo
864 2221 938 2288 signa
953 2223 1079 2291 quaedam
1088 2221 1129 2274 his

24 2290 92 2341 verbis
106 2289 216 2358 sppicta
229 2301 304 2354 sunt,
321 2307 388 2359 ques
400 2291 529 2360 Foggiuio
543 2291 665 2344 videntur
673 2307 795 2357 mouere,
813 2301 843 2343 ut
855 2291 972 2359 legatur:
989 2292 1132 2344 Eridanus

18 2357 155 2424 fluviorum
176 2379 233 2411 rex.
269 2361 337 2410 Tum
359 2379 451 2412 omnes
476 2359 546 2412 idem
565 2361 660 2412 Medio.
690 2362 762 2427 Wr.)
831 2360 883 2414 488
898 2361 1028 2412 ἀνηιεηεα
1043 2361 1131 2412 trabit

23 2427 99 2480 iloret.
119 2447 174 2481 sec.
186 2427 288 2480 zulich.
308 2429 368 2480 sdtl.
383 2432 450 2481 Veu.
464 2440 492 2480 et
504 2429 612 2481 Mediol.
632 2447 690 2481 cum
704 2428 788 2497 Regio
800 2427 907 2479 Martini
920 2441 947 2480 et
963 2429 1032 2492 Eri,
1077 2429 1130 2480 nod

24 2495 134 2548 alenae.
155 2497 210 2550 vid.
225 2501 311 2550 surm.
335 2497 396 2568 (vid.
417 2501 449 2562 Q.
465 2501 500 2551 V.
510 2500 584 2563 XVI,
602 2501 626 2553 1·
648 2498 720 2564 Wr.)
788 2497 841 2551 484
860 2497 936 2548 baud
957 2497 999 2548 ed.
1021 2447 1130 2548 Meldiol.
1174 2552 1177 2558 ¹

23 2567 119 2620 uiuacis
132 2565 202 2619 Gud.
238 2569 375 2619 vicinantes
393 2567 460 2620 alter
473 2569 599 2620 Rotteud.
668 2567 719 2621 485
737 2567 816 2617 Haut
830 2585 857 2636 p.
872 2563 914 2616 ed.
930 2565 1038 2617 Mediol.
1072 2567 1132 2618 Neo

20 2651 41 2702 p·
51 2637 135 2688 butas.
147 2637 183 2688 ad
197 2633 263 2689 Stat.
275 2637 362 2688 Theb.
378 2639 423 2700 IV,
438 2635 497 2691 374.
522 2642 581 2690 Aut
612 2638 683 2688 utris
695 2635 786 2688 Fraus.
804 2639 841 2703 (et
855 2639 927 2687 Serv.
943 2635 1036 2686 Dresd
1059 2634 1130 2700 Wr.)

23 2704 184 2758 abnefleins.
200 2705 324 2757 eldedic.
338 2717 365 2758 et
377 2705 411 2757 al.
426 2707 504 2758 codd.
519 2717 574 2758 ete
594 2706 619 2758 d.
632 2706 659 2757 h.
675 2723 791 2774 magnae,
807 2721 856 2772 pro
876 2701 915 2753 rie
927 2703 989 2755 altis
999 2703 1065 2756 lucis
1077 2721 1131 2772 po-

23 2771 85 2840 dae,
102 2785 161 2828 tum
175 2775 237 2826 altis
251 2773 375 2838 aedibus,
393 2774 536 2895 murisspue,
553 2775 710 2836 instructac;
728 2774 831 2826 taudem
894 2773 1000 2842 pliciter
1013 2791 1130 2841 magnae.

23 2843 89 2906 {ultae
108 2843 192 2896 etiam
211 2849 283 2896 Serv.
318 2845 417 2896 Eodem
437 2862 479 2896 mo
500 2863 516 2896 o
535 2845 648 2898 variatur
667 2849 730 2897 Aen.
751 2845 796 2906 lv,
817 2842 878 2897 448.
912 2845 945 2894 Et
964 2843 1024 2894 olto
1042 2849 1132 2894 Romo

21 2915 108 2978 icul,
126 2915 153 2968 7.
191 2913 387 2995 Cartbagoill,
406 2915 451 2970 W·
480 2916 551 2982 Wr.)
587 2914 655 2966 Miro
677 2913 757 2964 modo
776 2911 817 2963 vir
837 2913 943 2979 doctus,
967 2911 1073 2964 Wakel.
1097 2911 1131 2963 ad

22 2979 106 3035 beust.
122 2984 169 3046 Vl,
183 2984 237 3036 580
257 2981 393 3052 epitheton
416 2993 583 3052 suspectare
603 2981 753 3046 contendit,
777 2981 848 3050 qnod
864 2981 933 3033 iutra
950 2982 1033 3033 aedes
1048 2982 1130 3045 altas,

22 3065 39 3099 s
50 3052 116 3103 ian-a
131 3053 208 3103 altas
220 3069 370 3112 cavernas,
388 3069 466 3104 souns
480 3063 598 3120 nugetur.
634 3051 790 3104 Obtiuuerat
801 3049 852 3102 hoc
866 3051 925 3102 edd.
938 3049 1000 3102 inde
1016 3052 1048 3104 ab
1062 3051 1130 3104 Aldo

20 3120 135 3188 ulgstss:
153 3121 261 3172 obsedit
275 3120 337 3173 inde
350 3123 459 3173 listerus
475 3123 536 3174 edd.
571 3123 628 3174 alte
639 3121 715 3173 initio
729 3139 744 3174 a
757 3119 949 3172 Fulmenuieuis
963 3121 1044 3173 iacto.
1077 3122 1131 3172 (lu-

20 3187 422 3312 lttzlitttttdbit‘tc
436 3193 579 3312 iiiii*
593 3189 1017 3316 ⁸td’izffi0t'ttsstttll·
1052 3191 1131 3242 Μ’

20 3399 64 3460 tid
77 3401 116 3460 V.
124 3400 157 3460 L.
171 3399 212 3458 ad
223 3419 268 3460 vs.
282 3399 353 3465 157.
367 3403 420 3462 W
414 3399 455 3483 r.)
476 3399 550 3466 480.
593 3401 747 3461 credibiles
766 3421 852 3482 saepe
873 3421 1013 3482 agrorum
1030 3399 1131 3460 homi-

20 3485 75 3542 ebur
106 3506 256 3564 meque,
292 3495 365 3545 sumt
399 3486 479 3566 signa
512 3506 551 3546 ex
592 3507 724 3566 numque
748 3496 858 3566 strages
882 3487 983 3546 secisse
1009 3496 1131 3546 narrata

20 3570 94 3631 dore
108 3571 472 3646 etaere3eadlacn‘ruw'
483 3591 551 3632 cre-
592 3584 647 3633 est.
691 3572 861 3655 (Eridanus
889 3592 946 3634 rex
968 3572 1131 3632 fluviorum

20 3655 175 3732 debentur,
199 3657 278 3714 sorte
294 3655 366 3716 dum
381 3657 484 3737 tepido
497 3679 550 3718 au·
593 3659 653 3718 dici
666 3659 804 3733 videtur,
833 3659 903 3735 quia
921 3657 1069 3717 maximus
1086 3665 1132 3714 eat

19 3739 265 3802 dabantbnmore
280 3761 334 3822 per
350 3751 466 3822 tempus
480 3743 551 3823 plu·
592 3744 756 3804 fluviorum
787 3743 889 3802 ltaliae
929 3741 1131 3822 plurimosque

20 3827 89 3888 u'um
103 3827 241 3886 collecto.
284 3827 368 3886 Adeo
382 3828 414 3887 iu
428 3847 461 3887 re
475 3829 551 3888 alio-
592 3830 701 3890 fluvios
718 3826 869 3890 alveoauo
883 3827 1002 3908 excipit.
1032 3825 1132 3886 Wun-

20 3913 59 3986 qui
83 3913 157 3972 catis
180 3911 270 3972 obvia
299 3914 447 3973 occaecati
468 3923 551 3974 metu
593 3915 753 3976 derlicbius
771 3923 925 3993 comparat
949 3913 1000 3971 Ge.
1016 3911 1059 3988 Il,
1080 3914 1130 3976 98.

20 3999 98 4057 inimi
113 3997 320 4076 trepidabant.
591 4023 643 4060 rex
657 4005 720 4080 ipse
733 4000 907 4058 Phameae.
937 3995 1025 4079 Wr.)
1058 3995 1131 4063 485.

51 4085 123 4148 481.
144 4083 189 4141 De
203 4093 270 4142 aste
281 4092 387 4163 postue
398 4083 460 4143 vid.
476 4083 550 4144 Sos·
592 4085 641 4145 Ad
654 4085 790 4166 prodigis
801 4083 920 4143 bseccf.
936 4081 1086 4162 disputata
1099 4083 1132 4142 in

21 4163 58 4245 lig.
75 4169 188 4228 Poene
201 4167 243 4244 V,
265 4167 321 4244 14,
346 4189 376 4248 p.
395 4173 468 4234 278.
509 4170 552 4229 Ut
593 4173 703 4252 Opuac.
730 4171 797 4231 vol.
815 4169 870 4244 111,
899 4167 1014 4228 Prolus.
1034 4169 1131 4228 Xlet

22 4249 70 4326 irs,
90 4255 204 4330 rabies,
227 4255 271 4312 sic
284 4253 372 4312 furor
386 4263 416 4314 et
430 4257 552 4314 bisam
592 4258 672 4317 XIV.
716 4253 891 4338 (Wundert
913 4262 1018 4332 negat,
1050 4275 1131 4313 reso·

23 4335 133 4399 bcitato
157 4337 275 4400 flurniui
296 4339 451 4399 tribuitur.
491 4341 552 4399 Lo-
592 4365 665 4402 nors
678 4362 717 4402 ex
735 4339 897 4420 repetendo
916 4339 1010 4399 verbo
1030 4361 1130 4398 cessa-

23 4440 79 4482 tum
92 4435 162 4484 aute
174 4423 395 4484 oculosbabuit
408 4425 517 4484 Lucan.
528 4425 552 4500 1,
593 4440 697 4488 venunt
715 4425 861 4506 pender03
882 4435 948 4484 tum
967 4425 1045 4484 enim
1063 4437 1128 4498 cut,

23 4505 74 4572 408
85 4529 148 4590 sqq.
176 4509 252 4570 Padi
266 4517 368 4570 entem
381 4509 492 4570 eluvies
502 4511 552 4570 in-
594 4533 657 4573 non
670 4525 699 4572 et
710 4511 870 4592 posttdari5
884 4531 1018 4571 resonare
1030 4517 1131 4570 uutm
