2710 4998
262 401 384 476 vlTa
410 403 450 476 P.
476 400 692 478 VIRGILII
717 400 951 479 MARONIS
1128 425 1166 477 cr

51 593 106 648 εἰει·
123 611 192 648 omn
214 597 402 654 tacitumdaa
418 591 473 651 tibi
491 605 614 668 noceat,
646 597 813 653 automno
834 597 905 656 aliis
920 597 1027 673 prosit.
1075 595 1166 653 Nenn

48 679 98 754 qui
112 677 278 755 mundo,
308 691 337 738 et
358 701 401 738 on
419 681 611 736 contentionis
621 679 701 752 Jbu'e
719 681 803 738 utilio
816 683 870 757 ait,
891 701 951 740 non
965 682 1065 758 novit,
1086 681 1164 739 etul-

47 765 80 819 u’e
91 763 178 819 mm
190 765 451 824 aemmnerwrdurn
463 767 613 842 sapientes
620 776 744 843 putant.

122 848 208 907 xlx
235 851 431 930 Posteaquam
451 847 603 929 Augustus
629 869 745 909 summa
771 869 873 909 renim
898 851 1030 912 omnium
1049 849 1206 930 potitua78

42 942 97 1006 an,
117 934 205 994 venit
227 936 258 996 iu
283 947 430 1012 mentem,
458 956 496 994 an
517 934 699 994 conduceret
724 936 915 1016 tyrannidem
949 935 1104 1012 omittere,
1133 946 1165 996 et
1204 1011 1206 1016 ,
1290 955 1299 968 ·

42 1038 154 1078 omum
175 1031 356 1100 potestatem
385 1021 492 1081 annuia
522 1021 710 1096 consulibua,
755 1031 786 1080 et
809 1023 926 1082 senatui
949 1021 1162 1102 rempublicam

40 1104 179 1164 nddere:
206 1107 238 1166 in
262 1129 322 1186 qua
348 1127 383 1168 re
402 1109 536 1168 diversae
558 1108 722 1166 sententiae
736 1108 888 1167 consultos
903 1107 1025 1182 habuit,
1047 1107 1164 1166 Maece-

40 1201 134 1250 natem
149 1200 180 1252 et
195 1191 371 1274 Agrippam.
416 1192 547 1273 Agrippa
566 1193 643 1252 euim
657 1193 731 1252 utile
752 1193 808 1252 aibi
822 1195 905 1269 fore,
938 1193 1053 1252 etiamsi
1065 1191 1162 1256 hone-

38 1285 110 1334 num
131 1297 192 1336 non
212 1289 306 1357 eaaet,
338 1280 508 1358 relinquere
528 1279 720 1358 tyrannidem
736 1279 824 1358 longa
841 1279 977 1338 oratione
986 1279 1162 1348 contendit:

37 1363 110 1438 quod
133 1363 294 1424 Maecenas
315 1365 471 1426 dehortari
493 1383 672 1444 magnopere
697 1366 871 1426 conabatur.
915 1365 1019 1438 Quare
1037 1363 1163 1442 Augusti

38 1447 148 1508 auinaue
170 1460 203 1510 et
221 1450 297 1510 hinc
317 1453 471 1512 serebatur
492 1459 523 1510 et
542 1449 633 1511 illinc.
675 1452 771 1510 Erant
790 1452 869 1510 enim
887 1451 1023 1510 diversae
1040 1459 1162 1510 senten-

37 1535 104 1606 tiae,
142 1536 235 1595 rariia
257 1538 431 1598 rationibus
459 1537 606 1598 firmatae.
652 1536 781 1616 Rogavit
804 1538 897 1616 igitur
923 1537 1092 1611 Maronem,
1123 1555 1162 1594 an

37 1621 166 1680 conseret
188 1623 315 1702 privato
342 1622 473 1699 bomini,
508 1643 539 1682 ae
564 1623 597 1682 in
623 1643 677 1682 aua
701 1623 855 1702 republica
871 1633 1034 1702 tyrannum
1055 1623 1161 1682 facore.

37 1705 103 1764 lum
128 1707 196 1784 ille,
224 1708 373 1768 Onmebua
385 1709 502 1788 senne,
529 1707 647 1786 inquit,
673 1729 768 1786 venep.
797 1708 1019 1788 aucupantibus
1035 1708 1161 1766 molesto

37 1795 97 1866 ipio
112 1794 326 1874 mwmisfhit
334 1839 343 1870 ,
368 1807 396 1853 et
409 1793 541 1854 civitio:
565 1797 639 1872 quia
653 1815 768 1852 neoeaee
784 1807 847 1853 εναι
860 1808 985 1873 propter
1000 1794 1072 1852 odio
1088 1791 1159 1852 euh-

36 1877 175 1954 ditomm,
209 1891 267 1938 aue
288 1901 391 1938 eonem
421 1883 616 1954 mummium,
655 1899 772 1958 magna
793 1883 961 1957 suspicione
989 1899 1160 1958 magnoque

37 1966 129 2022 liotore
149 1968 258 2025 vivere.
302 1965 366 2025 Sed
386 1968 415 2024 ei
433 1969 512 2026 cives
536 1969 649 2023 uratum
669 1966 802 2044 aliquem
818 1969 942 2040 acirone,
967 1986 1054 2044 quern
1068 1985 1159 2023 amo-

36 2061 90 2106 mu
103 2051 296 2128 planimetra,
321 2053 440 2110 civitati
458 2051 493 2108 id
505 2051 577 2108 utile
598 2061 689 2124 earet,
713 2053 742 2108 oi
754 2053 787 2108 in
799 2071 833 2108 eo
847 2073 907 2110 mro
918 2053 1014 2109 omnio
1023 2061 1159 2128 potestne

29 2133 113 2206 soret.
163 2136 267 2213 Quane
277 2139 307 2194 oi
326 2139 493 2211 iustitiam,
515 2135 597 2215 quod
607 2135 804 2214 nodosaeia,
829 2135 964 2196 omnebus
977 2139 1010 2195 in
1014 2135 1159 2214 sueinum

35 2221 111 2278 naua
124 2220 283 2280 hominm
287 2221 386 2300 facta
401 2223 610 2299 compositione
625 2221 779 2279 diatribam
790 2244 803 2293 ,·
827 2223 979 2280 dominari
989 2233 1034 2296 te,
1058 2233 1088 2278 et
1103 2219 1158 2279 aba·

34 2305 180 2382 condam,
203 2319 233 2365 et
252 2305 327 2366 orbi.
375 2308 622 2366 Benevolentiam
639 2310 718 2365 enim
737 2309 869 2366 omnium
885 2305 998 2380 habeo,
1020 2317 1055 2364 ui
1067 2307 1157 2365 deum

34 2406 56 2446 a
75 2404 102 2450 et
113 2392 256 2467 adanu,
282 2405 311 2451 et
330 2393 462 2452 credant.
507 2392 578 2450 Eiua
598 2393 776 2451 oententiam
788 2403 931 2470 sequutus
944 2393 1052 2451 Caesar
1069 2391 1156 2472 prin·
1164 2403 1199 2456 79

34 2477 155 2554 opetum
169 2479 281 2538 uouit.
308 2477 437 2540 Audivit
452 2499 469 2536 a
483 2480 598 2559 Syr-one
608 2487 766 2557 praecepta
782 2478 920 2558 Epicuri3
942 2479 1026 2537 cuiue
1039 2477 1156 2536 doctri-

33 2581 83 2620 nae
100 2565 215 2624 eodum
228 2562 341 2623 habuit
361 2565 494 2625 Verium.
537 2563 684 2638 Quamvis
704 2564 891 2624 diversorum
906 2561 1156 2641 Philosophorum

33 2649 176 2724 opiniones
196 2649 286 2708 libria
308 2650 369 2710 auia
392 2649 549 2710 inaeruiaae
570 2649 607 2708 de
627 2650 726 2708 animo
752 2649 883 2708 maxime
905 2647 1064 2722 videatur,
1093 2646 1156 2726 ipae

35 2741 121 2794 temen
147 2737 209 2796 fait
235 2733 449 2796 Academicua:
481 2755 552 2796 nam
580 2735 714 2796 Plutonia
742 2735 904 2794 sententiaa
933 2733 1070 2794 omnibus
1093 2731 1156 2792 aliia

34 2822 171 2898 manua

400 2906 782 2998 **,*

63 3059 137 3122 §.ru
161 3059 354 3129 Poeeeoquarn
378 3063 569 3131 Augueeue-
647 3059 670 3128 §-
685 3059 729 3114 79.
755 3074 775 3110 o
796 3056 917 3110 Scirone.
951 3053 1038 3123 Lege:
1061 3070 1081 3106 o
1098 3055 1154 3121 Sy·

35 3125 198 3180 &mentun
217 3128 272 3179 hoc
286 3145 378 3198 parum
397 3128 468 3180 acuti
480 3127 569 3182 bomi-
592 3135 688 3180 'rone
722 3130 866 3196 syrenen,
890 3123 1060 3194 Epicureum,
1077 3123 1154 3176 Cice-

36 3195 68 3244 fio
87 3215 156 3262 ωε,
184 3215 298 3250 monere
318 3215 427 3250 ueceaae
447 3215 500 3249 uon
520 3210 568 3251 eet.
610 3196 670 3249 roni
691 3195 873 3249 amiciaeimum
889 3205 915 3248 et
930 3194 1057 3264 optimum
1070 3193 1155 3245 vitum

35 3266 94 3315 tom
122 3269 239 3319 llnaeum
256 3267 323 3318 viu
345 3267 419 3336 Virg.
447 3267 481 3318 ad
506 3269 568 3322 725.
611 3265 745 3334 intellige,
772 3267 806 3318 de
826 3283 878 3335 qno
891 3263 982 3317 Cicero
995 3264 1052 3316 Pin.
1064 3265 1096 3328 11,
1109 3263 1154 3327 ³5,

35 3333 128 3387 Q
147 3347 289 3406 poetarum
309 3335 419 3389 coneilio
440 3335 514 3388 hisce
534 3337 568 3388 de
610 3337 645 3388 ad
658 3335 716 3388 Die.
731 3337 777 3400 Vl,
791 3337 832 3390 11.
849 3337 914 3386 Eum
926 3333 1034 3402 Virgilii
1047 3341 1076 3384 et
1088 3331 1153 3384 Vari

35 3403 102 3454 rehu
126 3415 252 3476 expetent
275 3407 397 3474 tyranni!
427 3407 510 3458 Porto
536 3423 568 3457 ex
609 3406 760 3474 magianum
773 3405 855 3456 iuieae
874 3405 970 3474 paaaim
986 3400 1153 3455 Grammatici

37 3469 156 3526 rhetorum
178 3475 280 3527 ecbolie
304 3475 392 3541 iluxit,
424 3476 452 3526 in
472 3475 566 3545 quibua
608 3484 724 3527 monent.
748 3475 801 3526 rid.
823 3474 925 3527 Phocea
946 3474 973 3525 in
992 3472 1057 3526 Vita
1076 3470 1151 3537 Virg.

36 3539 218 3596 &maianis
253 3555 409 3612 argumento
439 3545 567 3598 iuaerrire
608 3563 633 3597 v.
647 3547 690 3600 63.
705 3543 749 3598 64.
764 3549 836 3598 serv.
854 3544 889 3594 ad
900 3542 955 3596 Eel.
968 3543 1014 3604 Vl,
1032 3541 1073 3594 13.
1087 3543 1152 3590 Aen.

36 3611 119 3673 Μ
159 3617 310 3668 warrenna
330 3623 419 3666 tamen
440 3613 519 3686 (Life
537 3611 574 3686 os
608 3616 659 3678 Vl,
682 3613 742 3668 264.
783 3614 817 3666 cl.
841 3615 905 3664 Not.
926 3611 960 3663 ad
979 3609 1035 3662 Eol.
1053 3609 1093 3660 Vl
1110 3625 1151 3674 pr.

41 3679 118 3752 7va
134 3699 161 3750 p.
174 3685 219 3750 26}
233 3683 455 3738 namatiunoulena
472 3685 567 3736 admo-
608 3683 772 3753 Epigramma
791 3681 898 3750 Virgilii
917 3681 952 3732 ed
968 3676 1077 3748 Syronia
1098 3675 1153 3728 ril-

38 3745 88 3798 ἦ
103 3751 212 3818 probat,
238 3763 267 3804 et
281 3753 435 3805 oxPlatone
447 3753 568 3823 petitam,
608 3752 660 3804 lam
672 3771 696 3805 v.
716 3753 744 3804 in
757 3751 897 3804 catalectia
919 3747 990 3800 etin
1006 3745 1150 3814 Autbolog.

39 3821 200 3882 Lu¹·12152
214 3821 320 3876 -157
341 3839 488 3892 expreeaam
510 3841 567 3874 eaeo
609 3841 636 3891 p.
657 3824 723 3886 677,
746 3822 774 3873 in
797 3838 848 3890 qno
873 3819 898 3872 ei
920 3835 981 3870 euoa
1003 3815 1100 3869 amiooe
1124 3825 1151 3866 et

41 3885 160 3942 meina
194 3891 359 3944 Maecenatia
385 3901 413 3943 et
432 3891 566 3962 Agrippae
628 3900 712 3944 atreur
725 3909 757 3943 eo
766 3891 871 3942 ridetur
885 3899 1004 3957 tempore
1017 3903 1151 3938 commen·
1216 3919 1217 3924 =

41 3951 208 4022 &peamau
235 3961 289 4012 beo
318 3959 352 4012 de
378 3979 408 4012 re
428 3979 460 4012 ex
480 3961 566 4014 Dione
608 3911 686 4026 dare,
719 3979 778 4012 cnm
802 3977 833 4010 ex
853 3975 916 4028 agro
943 3973 991 4008 auo
1019 3954 1152 4036 reteruuia

41 4035 106 4076 totae
120 4039 192 4080 eunte
213 4029 287 4082 sorte
305 4039 334 4081 et
347 4027 410 4084 illae
426 4031 454 4082 iu
468 4030 566 4082 aoholie
608 4029 741 4098 aaaignato
757 4031 864 4080 Romam
878 4025 1034 4079 diacederet.
1051 4027 1149 4094 Magna

43 4091 253 4151 Μοωιιῑιε.
607 4100 690 4152 doceo
701 4099 776 4150 dioto
794 4099 910 4166 Syronia
924 4094 1064 4148 laudentur
1084 4093 1149 4144 ibid.

70 4167 204 4220 mutter.
245 4167 421 4220 comultom
446 4167 568 4220 emendat
607 4167 654 4220 lib.
668 4169 692 4219 ll
704 4167 793 4236 Epigr.
807 4163 867 4220 24³.
1136 4191 1140 4200 ·

46 4229 140 4286 Gronau.
171 4238 234 4288 Mox
247 4249 275 4288 ee
284 4234 393 4290 civibue
405 4237 503 4288 inutile*
512 4247 567 4299 eet3
643 4239 702 4310 ipae
714 4249 804 4288 tomen
812 4232 874 4304 suit
886 4232 1079 4294 Aemoniam
1099 4248 1148 4282 re-

48 4299 113 4370 ffis·
128 4317 190 4357 υτ.
225 4305 319 4358 Paullo
338 4316 403 4375 poet
421 4307 502 4358 nullo
513 4307 567 4358 leo-
607 4305 654 4358 lim
677 4315 783 4358 oouatet
803 4303 868 4354 aetia
886 4303 963 4354 nobie
983 4301 1017 4354 de
1036 4299 1148 4352 veritate

50 4383 126 4422 ’Μ
141 4371 222 4443 sueto
246 4377 444 4447 compositione
469 4375 567 4428 obeou-
607 4375 683 4428 huiua
696 4374 744 4426 rei.
779 4373 866 4442 Vulgo
881 4390 930 4442 pro
948 4369 1078 4439 Epicureo
1097 4369 1148 4420 ha-

50 4451 91 4488 Ἰ
110 4453 155 4494 eat.
187 4443 291 4496 Dictum
313 4461 372 4497 eoae
395 4443 477 4498 debet
502 4459 566 4515 pro:
607 4443 667 4496 beri
684 4443 754 4496 aolet
771 4441 908 4512 Virgilius.
945 4440 1031 4492 Etiam
1051 4443 1149 4490 Auctor

51 4505 103 4560 '¹¹1⁸
117 4510 203 4566 tabita
216 4521 350 4584 mpetu.
608 4513 675 4566 Girie
689 4532 714 4565 r.
727 4514 754 4570 3.
772 4513 790 4568 d
803 4513 942 4582 profitetur
962 4506 1149 4580 philosophiae
