2606 5008
186 377 263 450 276
561 364 935 442 PROOEMIUM

186 549 428 630 haud.·sacile
447 575 533 628 esse
554 575 672 652 posse
693 552 734 628 in
754 548 939 628 confesso
961 565 1030 630 est.
1082 551 1211 630 Aliam
1234 552 1302 630 dil-

186 657 403 735 licultatem
421 653 515 732 facit
529 655 626 751 hoc,
654 654 766 756 quod
783 668 995 756 praecepta
1007 657 1241 732 Maroniana
1264 657 1302 734 ad

185 763 265 860 agri
283 759 441 836 colendi
457 781 616 835 morem
636 760 677 834 in
694 758 769 834 alio
785 759 891 856 solo,
918 759 992 834 sub
1015 757 1091 834 alio
1113 760 1247 856 caelo,
1271 763 1300 834 in

185 865 257 941 alia
282 877 424 958 aetate,
450 874 638 962 spectant.
691 862 814 958 Quod
833 860 968 938 facere
988 861 1115 960 licuit,
1142 865 1301 940 subiun-

183 970 310 1044 ximus
330 968 570 1068 scriptorum
587 965 639 1041 de
654 991 698 1042 re
714 967 856 1042 rustica
873 965 978 1060 loca,
1006 989 1029 1041 e
1052 967 1197 1070 quibus
1211 994 1300 1068 poe-

184 1087 247 1150 tae
276 1073 486 1172 praecepta
516 1070 632 1146 unice
659 1068 842 1145 illustrari
873 1083 1087 1171 poterant,
1129 1072 1300 1172 inprimis

183 1175 392 1272 Varronis,
428 1197 551 1274 quem
572 1174 612 1248 in
635 1171 770 1248 multis
791 1187 982 1274 sequutus
1009 1186 1090 1274 est,
1125 1188 1165 1252 et
1188 1177 1299 1253 Colu-

183 1279 352 1372 mellae,
391 1278 461 1378 qui
519 1289 707 1377 erpetuus
734 1275 883 1375 Virgilii
917 1291 1214 1353 commentator
1241 1293 1299 1372 est,

95 1453 103 1468 ,
184 1408 276 1458 cum
292 1381 430 1460 Plinio.
480 1303 792 1457 dlhabebamus
807 1381 848 1456 iu
867 1379 965 1476 hoc,
993 1405 1168 1480 quornm
1187 1406 1298 1482 opera

183 1484 269 1562 sere
298 1498 525 1580 uteremur,
561 1487 805 1582 Interpretes
834 1481 1104 1580 doctissimos,
1138 1485 1181 1560 in
1206 1511 1297 1560 non-

182 1589 299 1665 nullis
318 1587 518 1665 Guellium
543 1599 584 1661 et
604 1586 814 1684 Ursinum‚
849 1587 889 1662 in
913 1586 1116 1690 plerisque
1136 1589 1296 1666 Cerdan

183 1719 226 1769 ac
239 1693 476 1770 Martinums
510 1693 565 1768 Ut
580 1701 714 1765 autem
731 1690 936 1790 poeticum
956 1705 1143 1768 ornatum
1157 1691 1295 1768 horum

181 1807 489 1898 praeceptorum
515 1791 831 1870 adolescentium
859 1793 983 1869 oculis
1011 1795 1295 1877 subiiceremus

181 1913 306 2000 utque
328 1897 371 1973 id
397 1921 500 1972 cum
516 1893 649 1973 fructu
675 1895 816 1994 fieret,
850 1921 926 1972 nec
948 1911 1084 1974 tamen
1106 1923 1171 1974 res
1195 1913 1293 1974 nota-

180 2027 273 2078 rum
297 1999 470 2077 modum
490 1998 727 2097 excederet,
763 2001 815 2076 ita
836 2000 1089 2101 potissimum
1109 2026 1187 2078 nos
1207 2001 1293 2078 elle-

182 2120 314 2182 cturos
326 2128 422 2180 ‘esse
439 2104 682 2205 putavimus,
709 2103 741 2178 si
764 2105 1002 2180 sententiam
1019 2104 1198 2205 pedestri
1218 2131 1292 2182 ora-

180 2211 292 2286 tione
315 2231 539 2310 expressam
561 2207 911 2306 subiungeremus3
939 2207 1053 2310 qnod
1070 2211 1227 2310 quoties
1245 2207 1291 2284 sa

181 2327 291 2390 otum
317 2325 395 2410 est,
430 2309 477 2386 fit
503 2324 637 2388 autem
662 2310 823 2410 singulis
847 2309 964 2408 locis,
999 2312 1042 2386 in
1067 2313 1213 2414 quibus
1239 2337 1291 2388 res

180 2442 265 2494 non
290 2418 373 2519 ipsa
397 2415 439 2490 in
463 2413 601 2492 oculos
622 2415 804 2518 incurrit,
838 2413 1111 2491 adolescentes
1129 2418 1289 2492 monitos

179 2522 364 2616 velimus,
389 2532 436 2595 ut
452 2519 652 2618 poeticam
675 2519 901 2596 orationem
921 2543 1015 2594 cum
1037 2517 1191 2596 solutae
1215 2545 1288 2596 ora-

180 2627 299 2702 tionis
314 2619 495 2700 formulis
511 2621 588 2696 illis
611 2634 861 2722 comparent,
887 2635 927 2698 et
941 2621 1036 2698 inde
1054 2635 1287 2721 cognoscant

181 2729 279 2832 qnid
307 2725 465 2802 notioni
488 2723 718 2826 simpliciter
740 2725 781 2800 in
801 2725 907 2801 notis
933 2749 1138 2827 expressae
1158 2754 1179 2803 a
1203 2751 1285 2828 poe-

179 2847 242 2908 tae
258 2831 419 2928 ingenio
444 2843 483 2904 et
504 2827 617 2928 copia
639 2829 720 2906 sive
740 2827 791 2904 ad
812 2829 1126 2930 pulcritudinem
1147 2833 1225 2908 sive
1246 2826 1284 2904 ad

179 2936 410 3010 suavitatem
428 2932 678 3031 omninoque
700 2931 751 3009 ad
771 2945 957 3008 ornatum
980 2937 1192 3014 accesserit.
1238 2937 1282 3009 lta

181 3038 348 3114 demum
365 3059 434 3111 eos
449 3033 722 3112 intellecturos
741 3059 826 3111 esse
846 3060 1070 3136 speramus,
1097 3065 1173 3141 qna
1196 3039 1230 3112 in
1248 3059 1281 3108 re

178 3140 358 3242 poeticae
383 3138 645 3241 inprimisque
669 3138 903 3236 Virgilianae
939 3142 1128 3218 orationis
1158 3139 1281 3244 pulcri-

178 3243 278 3320 tudo
293 3265 345 3317 ·ac
365 3242 600 3344 praestantia
625 3241 853 3344 quaerenda
875 3242 925 3318 sit
944 3247 993 3341 *).

565 3439 916 3508 000

282 3597 341 3674 Ab
359 3599 439 3678 istis
460 3597 554 3676 inde
574 3601 704 3698 annis,
732 3599 877 3702 quibus
898 3597 998 3677 haec
1018 3603 1160 3704 scripta
1179 3607 1274 3676 eraut

179 3703 335 3805 quoties
362 3705 567 3780 retractavi
592 3705 802 3803 Georgica,
835 3726 919 3778 non
948 3705 1115 3805 quidem
1138 3701 1274 3781 nullan

177 3830 253 3882 nec
271 3819 406 3882 tamen
428 3807 683 3909 praecipuam
705 3807 879 3909 aliquam
898 3831 1065 3908 operam
1087 3809 1127 3884 in
1151 3807 1192 3882 iis
1208 3801 1272 3878 illu-
1297 3827 1298 3859 1

177 3909 345 3984 strandis
368 3931 599 4010 posueram3
635 3911 784 4013 qnippe
804 3908 873 4012 qni
895 3911 1047 3988 maiore
1074 3937 1163 3988 cum
1185 3905 1269 3982 volu·

177 4023 283 4110 ptate
307 4023 347 4087 et
374 4037 520 4114 operae
543 4009 676 4090 fructu
700 4015 740 4089 in
762 4012 940 4090 Aeneide
961 4039 1156 4108 versarem
1187 4025 1267 4084 nnnc
1296 4023 1297 4038 ¹

176 4126 335 4210 tamen,
370 4115 707 4218 qnandoquidem,
727 4117 983 4193 novissimam
1007 4117 1126 4216 hanc,
1161 4103 1266 4216 quoad

210 4301 230 4369 “)
250 4301 288 4352 De
300 4317 384 4366 anno,
401 4321 453 4374 quo
464 4305 563 4376 scripta
577 4305 629 4357 rint
641 4305 787 4376 Georgica,
805 4305 858 4360 vid.
873 4306 962 4364 vitm
975 4307 1081 4378 Virgilii
1095 4307 1127 4360 ad
1139 4323 1161 4359 ι.
1172 4297 1221 4358 nt
