2710 4998
300 379 401 470 PER
427 391 602 470 ANNOS
628 392 851 468 DIGESTA
1022 414 1138 470 eamn

117 585 218 660 samar,
244 584 337 646 rebua
365 583 496 664 Aegypti
523 583 714 660 comtitutie,
744 605 804 662 per
830 585 950 664 ιῖγηωιι
975 585 1009 642 in
1030 587 1141 644 Arium

55 674 200 746 pomorum
219 673 373 750 profectae
397 670 522 730 hiberam
548 668 592 728 ibi
618 673 698 747 egit,
735 671 884 750 sinuatque
911 681 939 728 et
957 668 1141 732 mbdaoma

56 758 252 835 manegoldo
270 769 300 816 et
313 757 460 817 Parthae
479 759 652 835 oompoeuit.
695 755 742 814 Ita
753 755 810 814 llio
824 755 870 830 Ll,
886 758 915 819 8.
932 757 1056 816 Sueten.
1064 754 1140 836 Aug.

54 845 82 903 26
92 855 206 918 quomam
221 842 419 902 Consulatum
430 845 463 901 in
473 843 567 916 Aria,
589 843 726 920 quantum
740 843 773 899 in
786 842 888 900 maula
900 841 991 900 Samo
1005 873 1049 888 -
1063 845 1139 904 iniit.

54 926 252 987 theutoniae
270 929 392 990 invene
407 927 482 988 haec
496 927 644 988 narravit.
693 926 843 986 Tiridata
862 945 954 1005 regno
974 947 992 984 a
1011 925 1140 988 Phraate
1194 911 1200 926 ¹

53 1013 126 1088 palma
135 1015 163 1072 iu
179 1013 294 1093 Syriam
319 1015 495 1094 confugerat
509 1022 557 1088 et,
575 1021 612 1072 ut
626 1012 734 1072 Caeear
746 1032 776 1071 ae
789 1012 933 1072 Romania
947 1012 1039 1092 copiie
1050 1013 1141 1072 reati-

54 1107 132 1172 tnret,
149 1100 353 1179 supplicabat,
376 1121 445 1161 oum
462 1100 578 1160 interea
599 1098 688 1178 legati
703 1119 721 1156 a
737 1098 866 1158 Phraate
877 1097 959 1156 misai
973 1107 1005 1157 et
1020 1099 1141 1160 Tirida·-

53 1193 93 1242 un
110 1183 156 1244 eibi
175 1185 262 1246 reddi
280 1186 471 1267 postularent
494 1194 526 1246 et
547 1183 708 1244 amicitiam
734 1200 804 1244 cum
828 1184 951 1242 Gaeeare
974 1183 1140 1262 iungerent.

51 1269 248 1350 baratrique
262 1273 392 1334 comiter
401 1269 568 1352 reapondit,
591 1279 623 1330 et
632 1267 769 1330 Phraatis
782 1269 889 1344 filium,
911 1267 973 1330 aive
986 1269 1142 1332 anraate

51 1353 92 1412 sire
109 1377 122 1412 a
138 1357 264 1416 'liridate
288 1367 465 1440 acceptum,
491 1359 618 1418 Romam
640 1375 741 1418 aecum
766 1355 895 1416 abduxit
913 1363 943 1414 et
963 1373 1020 1434 pro
1039 1355 1141 1416 obside

50 1437 262 1504 baruntulo
279 1444 301 1504 L
316 1445 338 1504 l.

108 1543 160 1604 lam
170 1543 228 1606 boo
245 1567 330 1606 anno
345 1543 483 1604 ultimam
496 1543 646 1624 Georgieie
661 1561 784 1603 manum
799 1540 965 1602 adhibitam
980 1559 1050 1617 eeee,
1070 1541 1141 1601 vul-

50 1629 102 1704 gan
114 1640 151 1690 eet
169 1632 285 1712 opinio,
320 1631 410 1710 inque
432 1650 496 1689 eam
509 1629 687 1690 sententium
699 1648 805 1688 verene
818 1627 887 1686 libri
903 1627 942 1686 lv
955 1637 1033 1688 extr.
1045 1626 1142 1686 inter-

51 1724 169 1792 pretantur
189 1717 249 1778 iin'
273 1717 372 1778 docti:
400 1715 464 1776 vid.
489 1715 617 1775 blaeeon.
635 1715 668 1774 in
689 1715 761 1774 lano
779 1722 912 1774 reserato
929 1713 979 1789 111,
998 1713 1029 1789 5,
1044 1717 1073 1788 6,
1087 1731 1142 1773 nec

51 1809 120 1858 taum
132 1803 183 1878 ric,
203 1812 240 1863 ut
256 1803 361 1864 omnia
373 1803 446 1861 eatie
462 1799 638 1882 expediant:
663 1801 776 1859 Caeam
789 1799 863 1858 dnm
876 1819 1007 1878 magnae
1025 1799 1071 1858 od
1089 1800 1141 1858 ul-

51 1898 92 1942 um
106 1889 249 1948 lichnum
271 1888 464 1967 Euphratem
483 1887 560 1946 bollo
571 1931 580 1962 ,
608 1890 759 1966 vr'otorque
782 1885 911 1943 volenter
931 1887 994 1944 Per
1009 1885 1141 1962 populor

50 1971 147 2031 muno
161 1978 303 2055 oramque
318 1973 446 2055 affectat
464 1973 603 2052 Olympo.
645 1973 699 2030 Est
718 1969 839 2049 quidem
851 1970 877 2028 ie
899 1979 1057 2050 poetarum
1074 1987 1141 2030 eae-

50 2055 91 2113 tuli
102 2057 229 2138 Augustei
240 2069 410 2141 perpetuae
423 2077 508 2134 moe,
530 2067 582 2134 ut,
604 2075 785 2136 quamquam
799 2054 875 2116 nihil
887 2055 1048 2138 Augrutae,
1059 2055 1142 2134 quod

51 2141 176 2204 admodum
193 2145 390 2206 memorabile
411 2153 500 2220 eeeet,
530 2143 674 2204 advereua
686 2141 815 2202 Parthos
832 2141 967 2222 geeearit,
989 2142 1142 2222 magnifice

51 2237 121 2288 laneo
140 2230 174 2289 de
192 2233 285 2292 robur
306 2232 372 2290 eiua
385 2229 533 2290 Parthicie
548 2229 721 2308 loquantur.
765 2229 891 2288 constat
905 2248 998 2308 porro
1020 2227 1141 2288 ellioue

51 2312 132 2388 illd,
148 2317 260 2378 litterae
278 2317 319 2378 de
332 2315 480 2376 Parthicis
490 2315 580 2376 rebua
593 2315 681 2375 initio
695 2313 768 2374 anni
792 2314 942 2392 aequantia
954 2313 1082 2374 Romam
1096 2314 1142 2374 al·-

50 2397 101 2458 latu
112 2411 218 2462 tantum
236 2404 278 2466 ad
301 2403 453 2485 publioam
472 2401 705 2481 gratulationem
719 2399 861 2459 momenti
880 2397 1032 2474 habuieee,
1053 2408 1091 2460 ut
1101 2400 1141 2460 il-

51 2483 145 2547 httnre
162 2490 309 2570 reliquam
332 2507 450 2548 omnem
471 2487 600 2547 Caesarie
619 2488 772 2546 fortunam
786 2485 972 2546 viderentur.
1014 2484 1142 2546 Videtur

50 2579 123 2632 tanen
135 2573 219 2636 illud:
246 2576 484 2655 daunsulnu'nut
504 2573 549 2632 ad
564 2573 771 2652 Eraphratem,
795 2591 851 2651 pro
863 2589 899 2630 re
910 2579 973 2628 tam
984 2570 1086 2646 tenui,
1108 2591 1143 2629 ac

50 2655 123 2731 hgetie
138 2661 257 2738 auditie,
287 2661 379 2722 nimie
397 2661 564 2720 faetuoeum
582 2677 653 2731 eeee.
695 2657 801 2736 ltaque
818 2655 967 2716 Martirrua
983 2655 1016 2716 in
1029 2675 1143 2716 annum

51 2745 89 2804 m
100 2745 156 2804 dloa
165 2767 270 2809 vereua
283 2747 420 2828 adeoque
433 2745 524 2806 finem
539 2745 754 2824 Georgicorum
769 2743 881 2802 reterre
892 2741 1009 2801 maluit.
1049 2741 1144 2801 Nimia

51 2835 122 2890 tneo
135 2830 189 2892 hoc
202 2853 218 2892 a
230 2835 342 2895 oeterie
360 2844 533 2914 temporum
552 2841 582 2890 et
602 2830 742 2890 carminis
754 2827 920 2889 rab'onibue
937 2827 1099 2903 abhorret,
1118 2828 1143 2886 ei

50 2913 158 2994 Gurgica
170 2939 231 2980 uon
244 2921 303 2980 niei
319 2941 398 2980 anno
413 2929 483 2979 ante
495 2915 608 2998 Virgilii
620 2924 749 2976 mortem
765 2913 906 2974 adfinem
920 2913 1070 2992 perducta
1081 2931 1143 2972 eeee

50 3005 165 3082 Pwriu
183 3007 356 3086 mirumque
375 3007 470 3083 toret,
493 3003 519 3064 ai
540 3007 600 3068 731
624 3003 677 3062 illa
694 3000 850 3076 exierunt,
872 3019 934 3058 non
948 2998 1143 3079 Augustino·

51 3103 110 3162 mn,
133 3091 186 3150 iun
205 3097 269 3158 727
291 3092 442 3168 inditum,
469 3089 523 3151 aed
541 3089 690 3162 Cameria,
717 3087 749 3146 iu
765 3085 802 3145 iia
822 3104 989 3146 occurrere.
1032 3085 1143 3146 verum

50 3173 150 3264 audiit
160 3179 253 3238 omnia
268 3177 452 3260 dieputatio,
474 3177 500 3238 ei
514 3174 683 3238 memineris
697 3191 803 3233 veram
817 3171 883 3232 illos
897 3171 1002 3252 Georg.
1017 3171 1058 3232 lV
1068 3171 1143 3232 aub-

50 3267 117 3318 itttoa
127 3273 236 3342 apoeta
250 3265 308 3325 vix
321 3265 469 3346 protector
482 3281 562 3338 eeae3
579 3261 635 3320 etei
646 3257 820 3338 ceteroquin
832 3259 914 3318 illam
929 3258 1143 3332 narrationem,
1211 3311 1213 3316 .

51 3348 173 3421 apruno
189 3351 334 3430 Georgica
358 3349 496 3409 absoluta
513 3367 530 3406 a
543 3356 631 3426 poeta
643 3346 750 3420 suiaee,
771 3343 834 3404 vid.
851 3345 959 3404 Donat.
970 3341 1002 3423 5.
1017 3341 1069 3418 40,
1083 3363 1144 3402 un-

51 3425 123 3490 latin
138 3443 231 3496 autem
249 3455 348 3496 anuoe
369 3436 460 3496 fuieea
478 3433 603 3497 Aeneidi
617 3432 785 3512 impeneoa,
803 3438 840 3488 ut
851 3431 925 3490 adeo
943 3429 981 3488 ab
995 3427 1054 3487 hac
1072 3427 1145 3487 inda

52 3509 120 3604 litet
131 3538 192 3580 eum
200 3521 238 3582 ad
245 3521 378 3582 Aeneide
388 3521 522 3582 animum
536 3518 701 3579 advertisse
708 3535 825 3576 ueoeeee
838 3516 886 3591 ait,
898 3517 978 3576 inter
986 3513 1145 3574 Gramma-

52 3605 151 3664 tmrun
162 3618 332 3670 oommenta
345 3605 532 3668 referendam
550 3624 612 3664 esee
626 3613 739 3684 putem.
761 3599 935 3662 dTrietano
949 3602 1033 3660 Hiat-
1048 3601 1145 3679 glut-

53 3687 145 3748 ntem
156 3695 333 3773 &vipereum
343 3695 377 3756 Τ.
392 3695 414 3770 l,
422 3713 451 3773 p.
463 3695 523 3756 137
537 3689 758 3760 aanolueionem
764 3687 979 3766 Georgioorum
991 3685 1023 3744 in
1033 3703 1146 3744 anuum

54 3773 213 3848 andaoni·
229 3781 291 3840 Caii
311 3779 445 3840 Caeearie
464 3779 496 3838 in
509 3773 650 3852 Partboe,
677 3793 754 3856 quae
769 3773 800 3832 in
813 3793 839 3832 a.
852 3771 916 3838 754
926 3770 1048 3847 incidit,
1068 3769 1147 3830 mala

55 3857 147 3937 trimi,
170 3864 226 3924 iam
239 3865 378 3932 Norieiue
401 3863 522 3925 notavit
546 3859 711 3942 Ceuotaph.
737 3859 836 3922 Piean.
862 3858 936 3917 Diae.
959 3857 1003 3934 ll,
1024 3877 1053 3938 p.
1072 3854 1145 3920 249.

56 3937 137 4004 [mlta
155 3950 314 4016 ceuoerua
341 3951 477 4032 diaputat
502 3949 539 4007 d'
552 3947 680 4008 Aubezr‘t
709 3945 839 4006 Oeuma
862 3943 991 4006 diuma
1013 3939 1146 4002 Tomll.

58 4123 62 4134 ⁴
113 4047 213 4114 Vanam
226 4055 386 4118 videamur
397 4073 459 4112 uno
474 4052 540 4112 loco
553 4051 678 4111 collecta
694 4057 865 4128 temporum
876 4053 1046 4120 momenta,
1070 4062 1147 4123 quae

58 4145 78 4183 Ν
90 4131 220 4216 Gtwgieia
237 4141 350 4220 paeaim
370 4145 550 4214 aecurrunt,
574 4137 638 4198 Lib.
651 4135 676 4211 l,
688 4133 752 4198 466
765 4131 804 4192 de
815 4139 913 4192 morte
929 4131 1062 4191 Caeearie
1073 4150 1147 4190 nor·

59 4223 104 4272 nu
113 4220 145 4278 ad
154 4243 179 4282 a.
189 4229 294 4292 'noct
308 4229 370 4290 711
386 4233 540 4306 spactant,
562 4219 670 4298 1,te9
687 4219 802 4280 bellum
823 4216 1012 4300 Philippense
1027 4237 1054 4276 a.
1070 4217 1148 4292 7123

61 4293 132 4368 iim
149 4311 226 4372 Hae
239 4325 339 4374 movet
360 4309 547 4390 Euphratae,
576 4309 660 4367 autu
684 4307 850 4366 Gomme'a
863 4302 992 4376 bellum,-
1019 4303 1148 4363 Vinosae

62 4393 126 4460 ''Pil''
139 4395 248 4457 inerte
262 4396 381 4478 tegam
398 4395 590 4456 udam
603 4391 728 4473 finmt;
750 4393 847 4448 aaron
860 4401 919 4448 teto
932 4387 1149 4463 Mmaimpiua

64 4469 120 4548 νὺ,
145 4479 391 4550 urle-raa.
420 4481 457 4558 u,
477 4485 539 4550 no
557 4492 585 4540 a
611 4492 653 4554 a,
681 4478 813 4536 mauu
833 4475 960 4550 meaa,
991 4473 1149 4552 Qum
