2606 5008
242 1045 820 1124 ECLOGAX

294 1249 298 1256 ·
413 1226 658 1318 cantuar)

334 1392 731 1456 ARGUMENTUM

26 1513 49 1600 C·
61 1539 185 1602 &meluis
203 1545 331 1622 Gallica,
355 1547 469 1628 dequo
491 1569 581 1630 supra
597 1549 637 1608 ad
656 1547 717 1607 Ecl.
734 1547 783 1623 Vl,
804 1551 846 1612 72
860 1547 948 1625 ride,
970 1548 1096 1610 amicam

23 1635 151 1714 lycoridem
163 1643 285 1722 babuit,
315 1669 406 1727 quam
426 1652 515 1711 etiam
530 1650 616 1730 elegis
633 1650 811 1725 celebravit,
833 1670 919 1730 saepe
933 1673 950 1710 a
964 1652 1095 1732 Proper-

22 1725 57 1796 fio,
78 1727 185 1806 Osidio,
212 1733 366 1810 Martiale,
397 1737 519 1815 aliisque
541 1735 686 1796 laudatis:
715 1737 836 1796 Servius
854 1737 930 1796 adeo
953 1737 992 1798 ad
1010 1758 1055 1797 vs.
1076 1743 1091 1802 1

21 1805 77 1870 idus
86 1814 196 1896 liclogae
207 1829 238 1878 et
252 1819 387 1880 Donatus
400 1823 470 1881 Vita
482 1821 514 1903 ᾗ.
524 1827 565 1888 38
578 1823 671 1882 libros
685 1823 746 1882 eius
756 1831 887 1900 quatuor
899 1823 988 1883 luisse
1001 1822 1096 1883 Amo-

20 1913 62 1953 nn
78 1915 246 1980 memorant,
276 1906 332 1965 sub
353 1909 506 1987 Lycoridis
529 1909 649 1968 nomine
671 1907 775 1968 editos.
805 1909 842 1966 cf.
865 1909 1008 1988 Pompon.
1026 1909 1094 1968 Sab.

19 1977 159 2076 bipertita
175 1991 270 2050 amica
286 1991 438 2069 desertus,
459 2015 567 2072 magno
589 1993 693 2052 dolore
708 2013 882 2074 oppressus,
905 1995 936 2054 in
953 1994 1012 2054 lroc
1025 2015 1095 2053 car-

19 2083 67 2124 mus
80 2080 216 2152 tamquam
234 2087 342 2156 pastor
363 2079 471 2158 aliquis
488 2080 521 2138 in
541 2079 687 2139 Arcadiae
700 2079 854 2139 montibus
870 2100 906 2138 ac
920 2081 1016 2156 silvis,
1039 2081 1093 2140 sub

19 2161 75 2212 utro
95 2158 184 2237 aliquo
204 2163 374 2242 proiectus,
405 2186 521 2224 amores
544 2185 613 2224 suos
638 2165 746 2224 deflere
767 2165 898 2245 fingitur.
947 2166 1094 2245 Obiurgat

17 2249 72 2312 Μ’
93 2245 208 2322 Naidas,
233 2249 317 2326 quod
336 2250 414 2310 solae
431 2272 492 2310 non
515 2251 669 2310 adfuerint
690 2251 775 2310 Gallo
794 2251 903 2310 amoris
924 2251 1004 2310 curis
1019 2273 1094 2310 con-

16 2323 197 2414 l'abd-12:
220 2353 290 2394 cum
309 2345 410 2395 tamen
424 2337 535 2396 amoris
554 2345 584 2395 et
598 2337 796 2396 miserationis
815 2337 953 2396 affectum
967 2346 1093 2396 testatae

16 2411 82 2470 asin
95 2415 167 2496 ipsae
185 2420 368 2480 inanimatae
380 2441 444 2498 res,
466 2421 588 2482 arbores
610 2432 744 2497 ansus,
768 2423 922 2486 13-15:
944 2431 1010 2481 tum
1024 2442 1093 2502 gre-

14 2509 44 2568 θ’
55 2517 106 2558 mm
123 2506 291 2582 pastoribus
308 2511 396 2570 16-
405 2512 457 2572 20.
500 2493 661 2568 Miserandi
680 2517 711 2566 et
725 2506 899 2566 consolandi
915 2527 1017 2566 caussa
1040 2528 1092 2566 ac-

14 2595 88 2642 msere
96 2587 145 2666 ipsi
164 2590 221 2650 dii:
243 2590 352 2670 Apollo
366 2596 404 2656 21
419 2627 463 2638 -
474 2597 530 2669 235
552 2593 690 2653 Silvanus
703 2591 754 2656 24.
772 2593 827 2668 253
852 2591 916 2650 Pan
929 2595 971 2655 26
985 2624 1028 2637 -
1041 2597 1091 2656 30.

15 2661 62 2724 lm
72 2673 173 2750 Gallus,
192 2677 226 2736 in
239 2677 371 2736 lamenta
388 2687 419 2736 et
437 2688 560 2756 questus
577 2698 749 2758 erumpens,
776 2697 860 2735 suam
872 2685 984 2736 sortem
1000 2685 1030 2735 et
1042 2677 1093 2736 in-

13 2747 103 2816 lautum
117 2780 248 2820 amorem
265 2763 478 2842 conqueritur5
500 2765 589 2822 malle
603 2785 634 2822 se
648 2763 777 2844 pastoris
792 2762 886 2822 vitam
903 2781 987 2842 agere
1002 2765 1092 2825 31-

13 2839 43 2896 tl.
61 2841 132 2904 Nunc
151 2847 182 2905 in
200 2849 309 2908 castris
322 2850 434 2908 versari
450 2851 574 2909 amicam
587 2849 619 2908 in
634 2849 744 2908 Gallias
758 2849 923 2927 prolectam
942 2847 1091 2912 44-49.

14 2915 99 3014 litetur
113 2939 209 2992 tamen
217 2935 267 2992 vel
277 2935 320 2994 sic
333 2935 388 2994 sibi
398 2946 521 3015 repente
529 2936 560 2994 in
573 2955 626 2994 rus
640 2936 778 3014 migrasse
792 2943 823 2992 et
836 2933 899 2992 aliis
913 2933 992 2992 curis
1007 2953 1091 2992 amo

12 3021 37 3062 ns
50 3019 179 3078 tormenta
200 3020 305 3079 levare
327 3023 480 3098 50-613
508 3021 562 3080 sed
578 3021 687 3080 amoris
702 3040 775 3080 mox
791 3019 980 3098 impatientia
992 3019 1090 3079 victus

12 3091 63 3150 mli
77 3098 137 3160 inde
149 3105 257 3164 solatia
271 3115 410 3186 expectat
425 3110 573 3184 62—69.
617 3105 826 3166 Praemittitur
843 3104 1002 3164 exordium
1015 3124 1091 3186 poa-

10 3181 51 3249 Ἢ,
72 3205 129 3248 mm
149 3192 284 3270 epilogo,
316 3211 375 3269 quo
395 3191 572 3270 singularem
594 3193 671 3252 Galli
697 3211 828 3250 amorem
846 3200 992 3250 testatum
1009 3192 1089 3252 lacit.

12 3257 74 3326 libet
82 3269 133 3332 hoc
144 3297 267 3336 armen
282 3278 387 3337 miram
395 3287 490 3353 artam
504 3297 540 3337 ac
551 3280 743 3354 suavitatem,
756 3277 887 3357 primum
900 3278 932 3336 in
947 3298 992 3355 eo,
1007 3277 1090 3356 quod

11 3353 84 3430 mnis,
110 3361 146 3420 ad
164 3363 312 3424 maiorem
331 3365 409 3422 Galli
424 3363 615 3442 dignitatern,
637 3386 699 3424 non
719 3363 810 3424 modo
825 3365 864 3422 ad
879 3364 974 3424 vitam
985 3374 1089 3443 pasto-

10 3439 88 3530 ulan,
107 3448 154 3506 sed
165 3449 205 3508 ad
220 3460 358 3530 tempora
371 3449 508 3524 heroica,
530 3451 561 3508 in
576 3451 683 3528 quibus
696 3450 832 3530 permisti
852 3449 1029 3510 mortalibus
1045 3447 1089 3506 dii

10 3535 119 3606 tinent,
140 3535 238 3594 relata
258 3545 290 3594 et
309 3555 346 3594 ex
366 3535 499 3594 sensibus
514 3544 544 3594 et
556 3536 744 3616 opinionibus
758 3536 886 3596 istorum
900 3535 1088 3594 saeculorum

10 3605 142 3676 *dmbnu
157 3631 247 3698 sunt;
269 3641 362 3700 quare
376 3622 465 3682 etiam
476 3622 554 3680 serre
569 3621 718 3698 debemus,
741 3622 853 3700 siquae
866 3620 967 3700 paullo
982 3619 1089 3678 altiora

10 3707 31 3746 Ι(
37 3703 145 3771 gratiore
156 3707 266 3787 spiritu
279 3705 329 3766 bic
344 3697 424 3768 dicta
438 3708 636 3786 reperiamus,
658 3707 766 3766 deinde
779 3727 852 3766 vero
870 3705 1011 3782 quoniam
1028 3705 1087 3763 im-

10 3787 136 3850 l⁰¹211tiaet
153 3793 250 3871 spreti
271 3793 380 3852 amoris
393 3801 491 3852 aestus
506 3793 555 3852 ille
572 3813 607 3852 ac
620 3795 722 3867 furor,
743 3793 774 3852 in
790 3809 891 3851 omnes
903 3799 1005 3873 partes
1020 3791 1087 3850 ani-

10 3875 191 3953 fflfflpms,
213 3877 313 3957 ipsum
333 3879 457 3958 legentis
472 3879 605 3939 asdmum
622 3897 808 3938 commovere
819 3875 957 3950 videtur,
979 3895 1087 3954 quam-

9 3955 124 4020 lffimbac
135 3962 166 4021 in
186 3971 277 4043 parte
294 3961 446 4024 Theocriti
457 3965 586 4044 vestigiis
605 3964 731 4036 institit,
754 3961 840 4042 ldyll.
853 3961 875 4035 1,
890 3959 986 4036 unde,
1010 3981 1087 4041 quae

10 4027 176 4130 l‘lbpbnide
194 4049 279 4108 dicta
300 4058 402 4125 erant,
429 4049 462 4109 in
485 4049 604 4110 Gallum
616 4049 788 4122 transtulit,
810 4055 846 4105 ut
857 4045 953 4104 miilta
965 4055 1086 4108 tantum

9 4109 76 4182 bonis
91 4133 183 4192 serbis
204 4133 389 4210 reddiderit,
415 4134 449 4194 in
466 4135 531 4195 aliis
551 4145 652 4196 autem
671 4155 740 4194 cum
762 4151 797 4191 eo
812 4132 989 4210 certaverit5
1014 4134 1085 4195 uni-

28 4287 201 4367 ficosquessio
216 4319 277 4354 mors
293 4301 377 4354 Gallo
388 4301 418 4352 in
435 4299 503 4354 seri-
544 4319 607 4373 pon.
618 4302 694 4364 Sab.;
711 4300 781 4371 quod
792 4316 846 4352 uon
858 4317 990 4370 assequor,
1019 4319 1084 4355 aor-

8 4365 164 4420 mealli..
182 4373 413 4445 conquestionum
421 4371 504 4424 Gallo
545 4390 601 4424 sum
618 4371 714 4424 dictam
730 4369 772 4422 sit
807 4372 895 4422 Poeta
912 4371 950 4422 od
964 4373 989 4422 G
1019 4373 1082 4424 lum.

6 4437 65 4498 Μ
79 4431 108 4484 de
121 4441 193 4507 agria
208 4439 319 4504 bledic.;
344 4449 373 4491 et
391 4440 430 4492 sio
446 4440 503 4492 fero
545 4447 587 4494 De
606 4459 697 4493 canore
715 4439 792 4491 calls·
807 4437 958 4494 consolatio
972 4441 1082 4495 Gudiau.

7 4503 25 4540 n
42 4513 214 4574 scarapsus·
229 4507 303 4574 aliis,
328 4507 407 4562 etiam
422 4510 503 4562 Pom·
545 4509 746 4563 ridllurmauu.
761 4507 866 4562 adb.l
