<?xml version="1.0" encoding="UTF-8"?>
<!DOCTYPE html PUBLIC "-//W3C//DTD XHTML 1.0 Transitional//EN"
    "http://www.w3.org/TR/xhtml1/DTD/xhtml1-transitional.dtd">
<html xmlns="http://www.w3.org/1999/xhtml" xml:lang="en" lang="en">
 <head>
  <title>
</title>
<meta http-equiv="Content-Type" content="text/html;charset=utf-8" />
  <meta name='ocr-system' content='tesseract 3.04.00' />
  <meta name='ocr-capabilities' content='ocr_page ocr_carea ocr_par ocr_line ocrx_word'/>
</head>
<body>
  <div class='ocr_page' id='page_1' title='image "./publiusvirgiliu00virggoog/publiusvirgiliu00virggoog_0081.png"; bbox 0 0 2784 4988; ppageno 0'>
   <div class='ocr_carea' id='block_1_1' title="bbox 198 377 975 508">
    <p class='ocr_par' dir='ltr' id='par_1_1' title="bbox 198 377 975 508">
     <span class='ocr_line' id='line_1_1' title="bbox 198 377 975 508; baseline 0 -50"><span class='ocrx_word' id='word_1_1' title='bbox 198 401 319 458; x_wconf 64' lang='grc' dir='ltr'><strong>ιω</strong></span> <span class='ocrx_word' id='word_1_2' title='bbox 552 377 975 508; x_wconf 37' lang='lat' dir='ltr'><strong>PRAEFATIO,</strong></span> 
     </span>
    </p>
   </div>
   <div class='ocr_carea' id='block_1_2' title="bbox 146 563 1353 3332">
    <p class='ocr_par' dir='ltr' id='par_1_2' title="bbox 146 563 1353 3332">
     <span class='ocr_line' id='line_1_2' title="bbox 199 563 1353 668; baseline -0.004 -23"><span class='ocrx_word' id='word_1_3' title='bbox 199 565 324 645; x_wconf 91' lang='lat' dir='ltr'><strong>etiam</strong></span> <span class='ocrx_word' id='word_1_4' title='bbox 333 577 590 643; x_wconf 88' lang='lat' dir='ltr'><strong>retractarem</strong></span> <span class='ocrx_word' id='word_1_5' title='bbox 602 563 689 642; x_wconf 92' lang='lat' dir='ltr'><strong>loca</strong></span> <span class='ocrx_word' id='word_1_6' title='bbox 705 566 846 643; x_wconf 85' lang='lat' dir='ltr'><strong>saltem</strong></span> <span class='ocrx_word' id='word_1_7' title='bbox 861 563 1035 668; x_wconf 89' lang='lat' dir='ltr'><strong>potiora,</strong></span> <span class='ocrx_word' id='word_1_8' title='bbox 1072 579 1113 644; x_wconf 90' lang='lat' dir='ltr'><strong>et</strong></span> <span class='ocrx_word' id='word_1_9' title='bbox 1133 567 1353 647; x_wconf 71' lang='lat' dir='ltr'><strong>emenda.</strong></span> 
     </span>
     <span class='ocr_line' id='line_1_3' title="bbox 197 685 1332 792; baseline 0 -28"><span class='ocrx_word' id='word_1_10' title='bbox 197 710 298 786; x_wconf 91' lang='lat' dir='ltr'><strong>rem,</strong></span> <span class='ocrx_word' id='word_1_11' title='bbox 327 711 430 790; x_wconf 80' lang='lat' dir='ltr'><strong>quae</strong></span> <span class='ocrx_word' id='word_1_12' title='bbox 445 685 612 792; x_wconf 89' lang='lat' dir='ltr'><strong>quidem</strong></span> <span class='ocrx_word' id='word_1_13' title='bbox 626 686 879 764; x_wconf 90' lang='lat' dir='ltr'><strong>emendanda</strong></span> <span class='ocrx_word' id='word_1_14' title='bbox 892 711 978 766; x_wconf 87' lang='lat' dir='ltr'><strong>esse</strong></span> <span class='ocrx_word' id='word_1_15' title='bbox 990 686 1188 786; x_wconf 81' lang='lat' dir='ltr'>videbam,</span> <span class='ocrx_word' id='word_1_16' title='bbox 1206 691 1332 766; x_wconf 86' lang='lat' dir='ltr'><strong>etiam</strong></span> 
     </span>
     <span class='ocr_line' id='line_1_4' title="bbox 199 807 1332 911; baseline -0.002 -23"><span class='ocrx_word' id='word_1_17' title='bbox 199 833 266 907; x_wconf 88' lang='lat' dir='ltr'><strong>ea,</strong></span> <span class='ocrx_word' id='word_1_18' title='bbox 294 807 347 886; x_wconf 90' lang='lat' dir='ltr'><strong>de</strong></span> <span class='ocrx_word' id='word_1_19' title='bbox 372 809 517 911; x_wconf 90' lang='lat' dir='ltr'><strong>quibus</strong></span> <span class='ocrx_word' id='word_1_20' title='bbox 541 808 719 886; x_wconf 90' lang='lat' dir='ltr'><strong>monitus</strong></span> <span class='ocrx_word' id='word_1_21' title='bbox 738 833 888 904; x_wconf 87' lang='lat' dir='ltr'><strong>essem;</strong></span> <span class='ocrx_word' id='word_1_22' title='bbox 915 835 961 886; x_wconf 88' lang='lat' dir='ltr'><strong>ea</strong></span> <span class='ocrx_word' id='word_1_23' title='bbox 982 821 1118 886; x_wconf 85' lang='lat' dir='ltr'><strong>autern</strong></span> <span class='ocrx_word' id='word_1_24' title='bbox 1132 811 1332 911; x_wconf 89' lang='lat' dir='ltr'><strong>praeteri-</strong></span> 
     </span>
     <span class='ocr_line' id='line_1_5' title="bbox 197 927 1332 1034; baseline -0.001 -26"><span class='ocrx_word' id='word_1_25' title='bbox 197 952 305 1031; x_wconf 88' lang='lat' dir='ltr'>rem,</span> <span class='ocrx_word' id='word_1_26' title='bbox 333 931 375 1006; x_wconf 91' lang='lat' dir='ltr'><strong>in</strong></span> <span class='ocrx_word' id='word_1_27' title='bbox 388 929 533 1034; x_wconf 87' lang='lat' dir='ltr'><strong>quibus</strong></span> <span class='ocrx_word' id='word_1_28' title='bbox 551 927 656 1007; x_wconf 91' lang='lat' dir='ltr'><strong>male</strong></span> <span class='ocrx_word' id='word_1_29' title='bbox 673 953 803 1006; x_wconf 87' lang='lat' dir='ltr'><strong>essem</strong></span> <span class='ocrx_word' id='word_1_30' title='bbox 824 931 1115 1032; x_wconf 88' lang='lat' dir='ltr'><strong>reprehensus,</strong></span> <span class='ocrx_word' id='word_1_31' title='bbox 1143 955 1190 1010; x_wconf 89' lang='lat' dir='ltr'><strong>ea</strong></span> <span class='ocrx_word' id='word_1_32' title='bbox 1201 929 1332 1008; x_wconf 91' lang='lat' dir='ltr'><strong>relin-</strong></span> 
     </span>
     <span class='ocr_line' id='line_1_6' title="bbox 198 1049 1331 1156; baseline 0 -28"><span class='ocrx_word' id='word_1_33' title='bbox 198 1075 367 1155; x_wconf 88' lang='lat' dir='ltr'><strong>querem</strong></span> <span class='ocrx_word' id='word_1_34' title='bbox 382 1053 537 1151; x_wconf 87' lang='lat' dir='ltr'><strong>intacta,</strong></span> <span class='ocrx_word' id='word_1_35' title='bbox 564 1049 708 1156; x_wconf 88' lang='lat' dir='ltr'><strong>quibus</strong></span> <span class='ocrx_word' id='word_1_36' title='bbox 722 1051 889 1128; x_wconf 88' lang='lat' dir='ltr'><strong>meliora</strong></span> <span class='ocrx_word' id='word_1_37' title='bbox 899 1075 985 1128; x_wconf 91' lang='lat' dir='ltr'><strong>non</strong></span> <span class='ocrx_word' id='word_1_38' title='bbox 998 1051 1111 1130; x_wconf 90' lang='lat' dir='ltr'><strong>allata</strong></span> <span class='ocrx_word' id='word_1_39' title='bbox 1124 1049 1331 1148; x_wconf 89' lang='lat' dir='ltr'><strong>vidissem,</strong></span> 
     </span>
     <span class='ocr_line' id='line_1_7' title="bbox 197 1167 1332 1276; baseline -0.001 -26"><span class='ocrx_word' id='word_1_40' title='bbox 197 1173 531 1276; x_wconf 85' lang='lat' dir='ltr'><strong>obliviscererque</strong></span> <span class='ocrx_word' id='word_1_41' title='bbox 547 1167 619 1272; x_wconf 70' lang='lat' dir='ltr'><strong>ea,</strong></span> <span class='ocrx_word' id='word_1_42' title='bbox 639 1196 741 1275; x_wconf 86' lang='lat' dir='ltr'><strong>quae</strong></span> <span class='ocrx_word' id='word_1_43' title='bbox 759 1197 805 1250; x_wconf 89' lang='lat' dir='ltr'><strong>ex</strong></span> <span class='ocrx_word' id='word_1_44' title='bbox 823 1170 944 1252; x_wconf 91' lang='lat' dir='ltr'><strong>animi</strong></span> <span class='ocrx_word' id='word_1_45' title='bbox 956 1170 1236 1251; x_wconf 82' lang='lat' dir='ltr'><strong>malevolentia</strong></span> <span class='ocrx_word' id='word_1_46' title='bbox 1249 1173 1332 1249; x_wconf 91' lang='lat' dir='ltr'><strong>illi-</strong></span> 
     </span>
     <span class='ocr_line' id='line_1_8' title="bbox 195 1287 1331 1398; baseline -0.001 -26"><span class='ocrx_word' id='word_1_47' title='bbox 195 1294 383 1372; x_wconf 88' lang='lat' dir='ltr'><strong>beraliter</strong></span> <span class='ocrx_word' id='word_1_48' title='bbox 405 1295 446 1370; x_wconf 91' lang='lat' dir='ltr'><strong>in</strong></span> <span class='ocrx_word' id='word_1_49' title='bbox 468 1319 537 1372; x_wconf 91' lang='lat' dir='ltr'><strong>me</strong></span> <span class='ocrx_word' id='word_1_50' title='bbox 556 1287 689 1373; x_wconf 75' lang='lat' dir='ltr'><strong>essent</strong></span> <span class='ocrx_word' id='word_1_51' title='bbox 708 1291 854 1373; x_wconf 82' lang='lat' dir='ltr'><strong>effusa:</strong></span> <span class='ocrx_word' id='word_1_52' title='bbox 880 1294 1025 1398; x_wconf 88' lang='lat' dir='ltr'><strong>quibus</strong></span> <span class='ocrx_word' id='word_1_53' title='bbox 1046 1319 1133 1371; x_wconf 91' lang='lat' dir='ltr'><strong>non</strong></span> <span class='ocrx_word' id='word_1_54' title='bbox 1149 1308 1234 1371; x_wconf 89' lang='lat' dir='ltr'><strong>tam</strong></span> <span class='ocrx_word' id='word_1_55' title='bbox 1250 1293 1331 1371; x_wconf 91' lang='lat' dir='ltr'><strong>do-</strong></span> 
     </span>
     <span class='ocr_line' id='line_1_9' title="bbox 197 1405 1331 1520; baseline 0 -28"><span class='ocrx_word' id='word_1_56' title='bbox 197 1415 254 1492; x_wconf 91' lang='lat' dir='ltr'><strong>lui</strong></span> <span class='ocrx_word' id='word_1_57' title='bbox 269 1439 361 1492; x_wconf 88' lang='lat' dir='ltr'><strong>mea</strong></span> <span class='ocrx_word' id='word_1_58' title='bbox 379 1437 529 1514; x_wconf 81' lang='lat' dir='ltr'>caussa,</span> <span class='ocrx_word' id='word_1_59' title='bbox 567 1439 689 1520; x_wconf 91' lang='lat' dir='ltr'><strong>quam</strong></span> <span class='ocrx_word' id='word_1_60' title='bbox 708 1429 877 1518; x_wconf 92' lang='lat' dir='ltr'><strong>propter</strong></span> <span class='ocrx_word' id='word_1_61' title='bbox 901 1405 1156 1494; x_wconf 74' lang='lat' dir='ltr'><strong>imminutam</strong></span> <span class='ocrx_word' id='word_1_62' title='bbox 1174 1415 1331 1492; x_wconf 90' lang='lat' dir='ltr'><strong>littera-</strong></span> 
     </span>
     <span class='ocr_line' id='line_1_10' title="bbox 195 1535 1330 1644; baseline 0.001 -31"><span class='ocrx_word' id='word_1_63' title='bbox 195 1561 287 1613; x_wconf 92' lang='lat' dir='ltr'><strong>rum</strong></span> <span class='ocrx_word' id='word_1_64' title='bbox 312 1549 540 1612; x_wconf 85' lang='lat' dir='ltr'><strong>nostrarum</strong></span> <span class='ocrx_word' id='word_1_65' title='bbox 576 1535 829 1636; x_wconf 83' lang='lat' dir='ltr'><strong>dignitatem,</strong></span> <span class='ocrx_word' id='word_1_66' title='bbox 865 1549 905 1644; x_wconf 87' lang='lat' dir='ltr'><strong>et</strong></span> <span class='ocrx_word' id='word_1_67' title='bbox 939 1537 992 1613; x_wconf 93' lang='lat' dir='ltr'><strong>ob</strong></span> <span class='ocrx_word' id='word_1_68' title='bbox 1021 1535 1330 1634; x_wconf 85' lang='lat' dir='ltr'><strong>detrimentum,</strong></span> 
     </span>
     <span class='ocr_line' id='line_1_11' title="bbox 195 1655 1330 1761; baseline -0.001 -27"><span class='ocrx_word' id='word_1_69' title='bbox 195 1656 309 1760; x_wconf 89' lang='lat' dir='ltr'><strong>quod</strong></span> <span class='ocrx_word' id='word_1_70' title='bbox 324 1655 443 1733; x_wconf 87' lang='lat' dir='ltr'><strong>bonis</strong></span> <span class='ocrx_word' id='word_1_71' title='bbox 460 1657 644 1734; x_wconf 88' lang='lat' dir='ltr'><strong>moribus</strong></span> <span class='ocrx_word' id='word_1_72' title='bbox 665 1681 840 1760; x_wconf 82' lang='lat' dir='ltr'><strong>suaeque</strong></span> <span class='ocrx_word' id='word_1_73' title='bbox 862 1659 1330 1761; x_wconf 82' lang='lat' dir='ltr'><strong>quisque&#39;existimationi</strong></span> 
     </span>
     <span class='ocr_line' id='line_1_12' title="bbox 193 1775 1330 1881; baseline 0.001 -27"><span class='ocrx_word' id='word_1_74' title='bbox 193 1779 300 1854; x_wconf 90' lang='lat' dir='ltr'><strong>inter</strong></span> <span class='ocrx_word' id='word_1_75' title='bbox 313 1775 447 1854; x_wconf 90' lang='lat' dir='ltr'><strong>bonos</strong></span> <span class='ocrx_word' id='word_1_76' title='bbox 470 1777 555 1878; x_wconf 92' lang='lat' dir='ltr'><strong>ipse</strong></span> <span class='ocrx_word' id='word_1_77' title='bbox 572 1775 699 1858; x_wconf 81' lang='lat' dir='ltr'><strong>affert</strong></span> <span class='ocrx_word' id='word_1_78' title='bbox 751 1781 838 1857; x_wconf 92' lang='lat' dir='ltr'><strong>lam</strong></span> <span class='ocrx_word' id='word_1_79' title='bbox 856 1779 898 1854; x_wconf 92' lang='lat' dir='ltr'><strong>in</strong></span> <span class='ocrx_word' id='word_1_80' title='bbox 914 1776 1164 1881; x_wconf 83' lang='lat' dir='ltr'><strong>praefatione</strong></span> <span class='ocrx_word' id='word_1_81' title='bbox 1179 1780 1330 1880; x_wconf 91' lang='lat' dir='ltr'><strong>prioris</strong></span> 
     </span>
     <span class='ocr_line' id='line_1_13' title="bbox 194 1883 1330 2000; baseline 0 -24"><span class='ocrx_word' id='word_1_82' title='bbox 194 1898 380 1977; x_wconf 84' lang='lat' dir='ltr'><strong>editionis</strong></span> <span class='ocrx_word' id='word_1_83' title='bbox 397 1883 602 2000; x_wconf 80' lang='lat' dir='ltr'><strong>professus</strong></span> <span class='ocrx_word' id='word_1_84' title='bbox 617 1924 746 1999; x_wconf 90' lang='lat' dir='ltr'><strong>eram,</strong></span> <span class='ocrx_word' id='word_1_85' title='bbox 771 1923 841 1976; x_wconf 90' lang='lat' dir='ltr'><strong>me</strong></span> <span class='ocrx_word' id='word_1_86' title='bbox 863 1899 1091 1977; x_wconf 84' lang='lat' dir='ltr'><strong>inchoatam</strong></span> <span class='ocrx_word' id='word_1_87' title='bbox 1108 1913 1271 1977; x_wconf 88' lang='lat' dir='ltr'><strong>tantum</strong></span> <span class='ocrx_word' id='word_1_88' title='bbox 1288 1913 1330 1978; x_wconf 87' lang='lat' dir='ltr'><strong>et</strong></span> 
     </span>
     <span class='ocr_line' id='line_1_14' title="bbox 193 2018 1328 2125; baseline 0.001 -29"><span class='ocrx_word' id='word_1_89' title='bbox 193 2018 436 2120; x_wconf 84' lang='lat' dir='ltr'><strong>descriptam</strong></span> <span class='ocrx_word' id='word_1_90' title='bbox 450 2041 616 2120; x_wconf 86' lang='lat' dir='ltr'><strong>operam</strong></span> <span class='ocrx_word' id='word_1_91' title='bbox 628 2019 788 2121; x_wconf 90' lang='lat' dir='ltr'><strong>publice</strong></span> <span class='ocrx_word' id='word_1_92' title='bbox 801 2044 1045 2123; x_wconf 87' lang='lat' dir='ltr'><strong>proponere,</strong></span> <span class='ocrx_word' id='word_1_93' title='bbox 1067 2041 1171 2125; x_wconf 90' lang='lat' dir='ltr'><strong>quae</strong></span> <span class='ocrx_word' id='word_1_94' title='bbox 1184 2034 1328 2100; x_wconf 88' lang='lat' dir='ltr'><strong>tamen</strong></span> 
     </span>
     <span class='ocr_line' id='line_1_15' title="bbox 146 2135 1329 2244; baseline 0.005 -29"><span class='ocrx_word' id='word_1_95' title='bbox 146 2161 149 2168; x_wconf 88' lang='lat'><em>·</em></span> <span class='ocrx_word' id='word_1_96' title='bbox 191 2165 268 2242; x_wconf 93' lang='lat' dir='ltr'><strong>pro</strong></span> <span class='ocrx_word' id='word_1_97' title='bbox 298 2135 430 2216; x_wconf 77' lang='lat' dir='ltr'><strong>stando</strong></span> <span class='ocrx_word' id='word_1_98' title='bbox 454 2161 540 2217; x_wconf 91' lang='lat' dir='ltr'><strong>esse</strong></span> <span class='ocrx_word' id='word_1_99' title='bbox 568 2141 695 2244; x_wconf 90' lang='lat' dir='ltr'><strong>possit</strong></span> <span class='ocrx_word' id='word_1_100' title='bbox 720 2141 859 2218; x_wconf 87' lang='lat' dir='ltr'><strong>studiis</strong></span> <span class='ocrx_word' id='word_1_101' title='bbox 889 2143 1070 2220; x_wconf 88' lang='lat' dir='ltr'><strong>virorum</strong></span> <span class='ocrx_word' id='word_1_102' title='bbox 1105 2141 1329 2221; x_wconf 89' lang='lat' dir='ltr'><strong>doctorum</strong></span> 
     </span>
     <span class='ocr_line' id='line_1_16' title="bbox 193 2259 1328 2366; baseline 0.005 -28"><span class='ocrx_word' id='word_1_103' title='bbox 193 2261 415 2340; x_wconf 86' lang='lat' dir='ltr'><strong>coniunctis</strong></span> <span class='ocrx_word' id='word_1_104' title='bbox 426 2259 470 2338; x_wconf 90' lang='lat' dir='ltr'><strong>in</strong></span> <span class='ocrx_word' id='word_1_105' title='bbox 485 2259 736 2364; x_wconf 86' lang='lat' dir='ltr'><strong>perficiendo</strong></span> <span class='ocrx_word' id='word_1_106' title='bbox 756 2287 806 2340; x_wconf 91' lang='lat' dir='ltr'><strong>eo</strong></span> <span class='ocrx_word' id='word_1_107' title='bbox 820 2263 933 2366; x_wconf 92' lang='lat' dir='ltr'><strong>quod</strong></span> <span class='ocrx_word' id='word_1_108' title='bbox 946 2263 1197 2364; x_wconf 75' lang='lat' dir='ltr'><strong>designatum</strong></span> <span class='ocrx_word' id='word_1_109' title='bbox 1214 2291 1239 2341; x_wconf 88' lang='lat' dir='ltr'><strong>a</strong></span> <span class='ocrx_word' id='word_1_110' title='bbox 1255 2289 1328 2344; x_wconf 87' lang='lat' dir='ltr'><strong>me</strong></span> 
     </span>
     <span class='ocr_line' id='line_1_17' title="bbox 192 2379 1327 2488; baseline 0.003 -28"><span class='ocrx_word' id='word_1_111' title='bbox 192 2395 299 2478; x_wconf 87' lang='lat' dir='ltr'><strong>erat;</strong></span> <span class='ocrx_word' id='word_1_112' title='bbox 334 2381 465 2460; x_wconf 89' lang='lat' dir='ltr'><strong>multo</strong></span> <span class='ocrx_word' id='word_1_113' title='bbox 489 2385 598 2462; x_wconf 91' lang='lat' dir='ltr'><strong>enim</strong></span> <span class='ocrx_word' id='word_1_114' title='bbox 619 2379 753 2460; x_wconf 88' lang='lat' dir='ltr'><strong>utilius</strong></span> <span class='ocrx_word' id='word_1_115' title='bbox 765 2381 874 2483; x_wconf 88' lang='lat' dir='ltr'><strong>fore,</strong></span> <span class='ocrx_word' id='word_1_116' title='bbox 901 2385 1033 2462; x_wconf 89' lang='lat' dir='ltr'><strong>siuna</strong></span> <span class='ocrx_word' id='word_1_117' title='bbox 1046 2383 1178 2488; x_wconf 90' lang='lat' dir='ltr'><strong>aliqua</strong></span> <span class='ocrx_word' id='word_1_118' title='bbox 1196 2383 1327 2464; x_wconf 87' lang='lat' dir='ltr'><strong>editio</strong></span> 
     </span>
     <span class='ocr_line' id='line_1_18' title="bbox 190 2501 1328 2606; baseline 0.004 -27"><span class='ocrx_word' id='word_1_119' title='bbox 190 2503 369 2606; x_wconf 85' lang='lat' dir='ltr'><strong>repetitis</strong></span> <span class='ocrx_word' id='word_1_120' title='bbox 390 2501 566 2606; x_wconf 90' lang='lat' dir='ltr'><strong>plurium</strong></span> <span class='ocrx_word' id='word_1_121' title='bbox 587 2503 729 2582; x_wconf 89' lang='lat' dir='ltr'><strong>studiis</strong></span> <span class='ocrx_word' id='word_1_122' title='bbox 749 2518 790 2584; x_wconf 91' lang='lat' dir='ltr'><strong>et</strong></span> <span class='ocrx_word' id='word_1_123' title='bbox 812 2505 916 2583; x_wconf 76' lang='lat' dir='ltr'><strong>onis</strong></span> <span class='ocrx_word' id='word_1_124' title='bbox 939 2504 1182 2584; x_wconf 84' lang='lat' dir='ltr'><strong>emendetur</strong></span> <span class='ocrx_word' id='word_1_125' title='bbox 1197 2519 1242 2584; x_wconf 88' lang='lat' dir='ltr'><strong>et</strong></span> <span class='ocrx_word' id='word_1_126' title='bbox 1261 2505 1328 2584; x_wconf 88' lang='lat' dir='ltr'><strong>lo-</strong></span> 
     </span>
     <span class='ocr_line' id='line_1_19' title="bbox 191 2624 1329 2730; baseline 0.003 -27"><span class='ocrx_word' id='word_1_127' title='bbox 191 2624 439 2730; x_wconf 88' lang='lat' dir='ltr'><strong>cupletetur,</strong></span> <span class='ocrx_word' id='word_1_128' title='bbox 467 2648 590 2728; x_wconf 91' lang='lat' dir='ltr'><strong>quam</strong></span> <span class='ocrx_word' id='word_1_129' title='bbox 612 2626 645 2702; x_wconf 93' lang='lat' dir='ltr'><strong>si</strong></span> <span class='ocrx_word' id='word_1_130' title='bbox 666 2625 802 2728; x_wconf 88' lang='lat' dir='ltr'><strong>plures</strong></span> <span class='ocrx_word' id='word_1_131' title='bbox 830 2626 979 2704; x_wconf 87' lang='lat' dir='ltr'><strong>iteratis</strong></span> <span class='ocrx_word' id='word_1_132' title='bbox 999 2625 1141 2703; x_wconf 90' lang='lat' dir='ltr'><strong>itidem</strong></span> <span class='ocrx_word' id='word_1_133' title='bbox 1167 2625 1329 2706; x_wconf 85' lang='lat' dir='ltr'><strong>vicibus</strong></span> 
     </span>
     <span class='ocr_line' id='line_1_20' title="bbox 184 2745 1328 2860; baseline 0.002 -36"><span class='ocrx_word' id='word_1_134' title='bbox 184 2745 581 2860; x_wconf 38' lang='lat' dir='ltr'><strong>,eademrecoaerint</strong></span> <span class='ocrx_word' id='word_1_135' title='bbox 608 2759 676 2824; x_wconf 90' lang='lat' dir='ltr'><strong>aut</strong></span> <span class='ocrx_word' id='word_1_136' title='bbox 687 2763 843 2826; x_wconf 73' lang='lat' dir='ltr'><strong>verm</strong></span> <span class='ocrx_word' id='word_1_137' title='bbox 855 2753 1051 2849; x_wconf 57' lang='lat' dir='ltr'><strong>querelam</strong></span> <span class='ocrx_word' id='word_1_138' title='bbox 1076 2759 1123 2824; x_wconf 92' lang='lat' dir='ltr'><strong>ut</strong></span> <span class='ocrx_word' id='word_1_139' title='bbox 1136 2771 1328 2826; x_wconf 90' lang='lat' dir='ltr'><strong>cumno—</strong></span> 
     </span>
     <span class='ocr_line' id='line_1_21' title="bbox 188 2865 1328 2972; baseline 0.002 -28"><span class='ocrx_word' id='word_1_140' title='bbox 188 2881 272 2945; x_wconf 89' lang='lat' dir='ltr'><strong>stro</strong></span> <span class='ocrx_word' id='word_1_141' title='bbox 297 2865 458 2971; x_wconf 89' lang='lat' dir='ltr'><strong>loquar,</strong></span> <span class='ocrx_word' id='word_1_142' title='bbox 483 2867 632 2945; x_wconf 91' lang='lat' dir='ltr'><strong>iterum</strong></span> <span class='ocrx_word' id='word_1_143' title='bbox 655 2869 884 2972; x_wconf 85' lang='lat' dir='ltr'><strong>iterumque</strong></span> <span class='ocrx_word' id='word_1_144' title='bbox 903 2875 1103 2948; x_wconf 65' lang='lat' dir='ltr'><strong>cedam.</strong></span> <span class='ocrx_word' id='word_1_145' title='bbox 1154 2873 1243 2951; x_wconf 87' lang='lat' dir='ltr'><strong>Nec</strong></span> <span class='ocrx_word' id='word_1_146' title='bbox 1263 2883 1328 2947; x_wconf 89' lang='lat' dir='ltr'><strong>ta-</strong></span> 
     </span>
     <span class='ocr_line' id='line_1_22' title="bbox 186 2987 1328 3090; baseline 0.004 -26"><span class='ocrx_word' id='word_1_147' title='bbox 186 3012 286 3064; x_wconf 89' lang='lat' dir='ltr'><strong>men</strong></span> <span class='ocrx_word' id='word_1_148' title='bbox 299 2987 365 3064; x_wconf 82' lang='lat' dir='ltr'><strong>vel</strong></span> <span class='ocrx_word' id='word_1_149' title='bbox 379 2988 435 3064; x_wconf 87' lang='lat' dir='ltr'><strong>sic</strong></span> <span class='ocrx_word' id='word_1_150' title='bbox 449 2989 635 3090; x_wconf 88' lang='lat' dir='ltr'><strong>cuiquam</strong></span> <span class='ocrx_word' id='word_1_151' title='bbox 648 2990 838 3069; x_wconf 88' lang='lat' dir='ltr'><strong>invidebo</strong></span> <span class='ocrx_word' id='word_1_152' title='bbox 858 2989 938 3068; x_wconf 87' lang='lat' dir='ltr'><strong>suis</strong></span> <span class='ocrx_word' id='word_1_153' title='bbox 954 2989 1133 3090; x_wconf 86' lang='lat' dir='ltr'><strong>auspiciis</strong></span> <span class='ocrx_word' id='word_1_154' title='bbox 1149 2989 1328 3069; x_wconf 88' lang='lat' dir='ltr'><strong>meliora</strong></span> 
     </span>
     <span class='ocr_line' id='line_1_23' title="bbox 187 3106 1326 3214; baseline 0.005 -30"><span class='ocrx_word' id='word_1_155' title='bbox 187 3108 230 3184; x_wconf 90' lang='lat' dir='ltr'><strong>in</strong></span> <span class='ocrx_word' id='word_1_156' title='bbox 246 3106 429 3183; x_wconf 91' lang='lat' dir='ltr'><strong>medium</strong></span> <span class='ocrx_word' id='word_1_157' title='bbox 444 3106 685 3210; x_wconf 83' lang='lat' dir='ltr'><strong>proferenti,</strong></span> <span class='ocrx_word' id='word_1_158' title='bbox 711 3110 839 3214; x_wconf 92' lang='lat' dir='ltr'><strong>quiid</strong></span> <span class='ocrx_word' id='word_1_159' title='bbox 859 3110 1040 3212; x_wconf 91' lang='lat' dir='ltr'><strong>inprimis</strong></span> <span class='ocrx_word' id='word_1_160' title='bbox 1060 3133 1326 3212; x_wconf 88' lang='lat' dir='ltr'><strong>peromnem</strong></span> 
     </span>
     <span class='ocr_line' id='line_1_24' title="bbox 185 3225 1326 3332; baseline 0.005 -30"><span class='ocrx_word' id='word_1_161' title='bbox 185 3228 307 3302; x_wconf 89' lang='lat' dir='ltr'><strong>vitam</strong></span> <span class='ocrx_word' id='word_1_162' title='bbox 334 3225 447 3303; x_wconf 90' lang='lat' dir='ltr'><strong>cordi</strong></span> <span class='ocrx_word' id='word_1_163' title='bbox 470 3226 702 3328; x_wconf 86' lang='lat' dir='ltr'><strong>habuerim,</strong></span> <span class='ocrx_word' id='word_1_164' title='bbox 735 3243 782 3307; x_wconf 91' lang='lat' dir='ltr'><strong>ut</strong></span> <span class='ocrx_word' id='word_1_165' title='bbox 799 3230 873 3308; x_wconf 89' lang='lat' dir='ltr'><strong>alia</strong></span> <span class='ocrx_word' id='word_1_166' title='bbox 887 3230 1021 3332; x_wconf 90' lang='lat' dir='ltr'><strong>potius</strong></span> <span class='ocrx_word' id='word_1_167' title='bbox 1036 3231 1195 3330; x_wconf 79' lang='lat' dir='ltr'><strong>ingenia</strong></span> <span class='ocrx_word' id='word_1_168' title='bbox 1214 3234 1326 3308; x_wconf 88' lang='lat' dir='ltr'><strong>exci-</strong></span> 
     </span>
    </p>
   </div>
   <div class='ocr_carea' id='block_1_3' title="bbox 55 3349 1326 3456">
    <p class='ocr_par' dir='ltr' id='par_1_3' title="bbox 55 3349 1326 3456">
     <span class='ocr_line' id='line_1_25' title="bbox 55 3349 1326 3456; baseline 0.006 -35"><span class='ocrx_word' id='word_1_169' title='bbox 55 3431 58 3436; x_wconf 52' lang='grc'>,</span> <span class='ocrx_word' id='word_1_170' title='bbox 185 3359 315 3423; x_wconf 89' lang='lat' dir='ltr'><strong>tarem</strong></span> <span class='ocrx_word' id='word_1_171' title='bbox 337 3357 379 3423; x_wconf 88' lang='lat' dir='ltr'><strong>et</strong></span> <span class='ocrx_word' id='word_1_172' title='bbox 396 3370 609 3447; x_wconf 87' lang='lat' dir='ltr'><strong>acuerem,</strong></span> <span class='ocrx_word' id='word_1_173' title='bbox 636 3373 758 3453; x_wconf 90' lang='lat' dir='ltr'><strong>quam</strong></span> <span class='ocrx_word' id='word_1_174' title='bbox 778 3365 825 3428; x_wconf 90' lang='lat' dir='ltr'><strong>ut</strong></span> <span class='ocrx_word' id='word_1_175' title='bbox 848 3373 1007 3446; x_wconf 89' lang='lat' dir='ltr'><strong>meum,</strong></span> <span class='ocrx_word' id='word_1_176' title='bbox 1035 3349 1326 3456; x_wconf 88' lang='lat' dir='ltr'><strong>qualecunque</strong></span> 
     </span>
    </p>
   </div>
   <div class='ocr_carea' id='block_1_4' title="bbox 81 3467 1326 4542">
    <p class='ocr_par' dir='ltr' id='par_1_4' title="bbox 81 3467 1326 4542">
     <span class='ocr_line' id='line_1_26' title="bbox 186 3467 1326 3570; baseline 0.005 -25"><span class='ocrx_word' id='word_1_177' title='bbox 186 3467 287 3546; x_wconf 93' lang='lat' dir='ltr'><strong>illud</strong></span> <span class='ocrx_word' id='word_1_178' title='bbox 307 3467 375 3567; x_wconf 86' lang='lat' dir='ltr'><strong>sit,</strong></span> <span class='ocrx_word' id='word_1_179' title='bbox 407 3468 606 3547; x_wconf 85' lang='lat' dir='ltr'><strong>iactarem.</strong></span> <span class='ocrx_word' id='word_1_180' title='bbox 668 3472 870 3570; x_wconf 90' lang='lat' dir='ltr'><strong>Quamdiu</strong></span> <span class='ocrx_word' id='word_1_181' title='bbox 901 3471 1011 3550; x_wconf 88' lang='lat' dir='ltr'><strong>enim</strong></span> <span class='ocrx_word' id='word_1_182' title='bbox 1031 3471 1073 3548; x_wconf 92' lang='lat' dir='ltr'><strong>in</strong></span> <span class='ocrx_word' id='word_1_183' title='bbox 1094 3471 1158 3549; x_wconf 87' lang='lat' dir='ltr'><strong>his</strong></span> <span class='ocrx_word' id='word_1_184' title='bbox 1175 3473 1326 3551; x_wconf 90' lang='lat' dir='ltr'><strong>studiis</strong></span> 
     </span>
     <span class='ocr_line' id='line_1_27' title="bbox 185 3588 1325 3690; baseline 0.007 -24"><span class='ocrx_word' id='word_1_185' title='bbox 185 3603 361 3666; x_wconf 87' lang='lat' dir='ltr'><strong>versatus</strong></span> <span class='ocrx_word' id='word_1_186' title='bbox 382 3589 494 3688; x_wconf 81' lang='lat' dir='ltr'><strong>sum,</strong></span> <span class='ocrx_word' id='word_1_187' title='bbox 531 3588 574 3666; x_wconf 94' lang='lat' dir='ltr'><strong>id</strong></span> <span class='ocrx_word' id='word_1_188' title='bbox 598 3591 678 3690; x_wconf 85' lang='lat' dir='ltr'><strong>egi,</strong></span> <span class='ocrx_word' id='word_1_189' title='bbox 704 3603 750 3669; x_wconf 88' lang='lat' dir='ltr'><strong>ut</strong></span> <span class='ocrx_word' id='word_1_190' title='bbox 770 3591 923 3670; x_wconf 85' lang='lat' dir='ltr'><strong>litterae</strong></span> <span class='ocrx_word' id='word_1_191' title='bbox 949 3591 1268 3672; x_wconf 87' lang='lat' dir='ltr'><strong>emendarentur</strong></span> <span class='ocrx_word' id='word_1_192' title='bbox 1277 3611 1325 3674; x_wconf 87' lang='lat' dir='ltr'><strong>et</strong></span> 
     </span>
     <span class='ocr_line' id='line_1_28' title="bbox 183 3707 1322 3816; baseline 0.005 -28"><span class='ocrx_word' id='word_1_193' title='bbox 183 3709 477 3812; x_wconf 87' lang='lat' dir='ltr'><strong>perficerentur</strong></span> <span class='ocrx_word' id='word_1_194' title='bbox 498 3711 581 3788; x_wconf 87' lang='lat' dir='ltr'><strong>sive</strong></span> <span class='ocrx_word' id='word_1_195' title='bbox 606 3707 682 3814; x_wconf 76' lang='lat' dir='ltr'><strong>pei</strong></span> <span class='ocrx_word' id='word_1_196' title='bbox 702 3739 773 3792; x_wconf 88' lang='lat' dir='ltr'><strong>me</strong></span> <span class='ocrx_word' id='word_1_197' title='bbox 794 3714 876 3791; x_wconf 83' lang='lat' dir='ltr'><strong>sive</strong></span> <span class='ocrx_word' id='word_1_198' title='bbox 897 3737 973 3816; x_wconf 86' lang='lat' dir='ltr'><strong>per</strong></span> <span class='ocrx_word' id='word_1_199' title='bbox 994 3711 1111 3810; x_wconf 84' lang='lat' dir='ltr'><strong>alios;</strong></span> <span class='ocrx_word' id='word_1_200' title='bbox 1142 3727 1184 3792; x_wconf 89' lang='lat' dir='ltr'><strong>et</strong></span> <span class='ocrx_word' id='word_1_201' title='bbox 1198 3715 1322 3794; x_wconf 86' lang='lat' dir='ltr'><strong>soleo</strong></span> 
     </span>
     <span class='ocr_line' id='line_1_29' title="bbox 183 3827 1322 3940; baseline 0.011 -36"><span class='ocrx_word' id='word_1_202' title='bbox 183 3827 332 3931; x_wconf 91' lang='lat' dir='ltr'><strong>laetari,</strong></span> <span class='ocrx_word' id='word_1_203' title='bbox 359 3831 516 3935; x_wconf 84' lang='lat' dir='ltr'><strong>quoties</strong></span> <span class='ocrx_word' id='word_1_204' title='bbox 531 3833 820 3935; x_wconf 82' lang='lat' dir='ltr'><strong>intervulgaria</strong></span> <span class='ocrx_word' id='word_1_205' title='bbox 833 3833 1108 3932; x_wconf 77' lang='lat' dir='ltr'><strong>haberivideo</strong></span> <span class='ocrx_word' id='word_1_206' title='bbox 1123 3859 1181 3934; x_wconf 90' lang='lat' dir='ltr'><strong>ea,</strong></span> <span class='ocrx_word' id='word_1_207' title='bbox 1210 3863 1322 3940; x_wconf 89' lang='lat' dir='ltr'><strong>quae</strong></span> 
     </span>
     <span class='ocr_line' id='line_1_30' title="bbox 182 3949 1322 4058; baseline 0.011 -32"><span class='ocrx_word' id='word_1_208' title='bbox 182 3949 282 4026; x_wconf 92' lang='lat' dir='ltr'><strong>olim</strong></span> <span class='ocrx_word' id='word_1_209' title='bbox 300 3976 407 4030; x_wconf 83' lang='lat' dir='ltr'><strong>nore</strong></span> <span class='ocrx_word' id='word_1_210' title='bbox 426 3967 466 4030; x_wconf 93' lang='lat' dir='ltr'><strong>et</strong></span> <span class='ocrx_word' id='word_1_211' title='bbox 483 3953 671 4032; x_wconf 86' lang='lat' dir='ltr'><strong>audacter</strong></span> <span class='ocrx_word' id='word_1_212' title='bbox 694 3955 797 4034; x_wconf 87' lang='lat' dir='ltr'><strong>dicta</strong></span> <span class='ocrx_word' id='word_1_213' title='bbox 815 3955 926 4032; x_wconf 90' lang='lat' dir='ltr'><strong>haud</strong></span> <span class='ocrx_word' id='word_1_214' title='bbox 937 3979 1029 4032; x_wconf 89' lang='lat' dir='ltr'><strong>raro</strong></span> <span class='ocrx_word' id='word_1_215' title='bbox 1048 3953 1322 4058; x_wconf 90' lang='lat' dir='ltr'><strong>displicebant</strong></span> 
     </span>
     <span class='ocr_line' id='line_1_31' title="bbox 81 4072 1320 4179; baseline 0.01 -33"><span class='ocrx_word' id='word_1_216' title='bbox 81 4147 87 4159; x_wconf 76' lang='grc'>,</span> <span class='ocrx_word' id='word_1_217' title='bbox 181 4072 388 4149; x_wconf 89' lang='lat' dir='ltr'><strong>seniorum</strong></span> <span class='ocrx_word' id='word_1_218' title='bbox 407 4075 569 4157; x_wconf 88' lang='lat' dir='ltr'><strong>iudiciis.</strong></span> <span class='ocrx_word' id='word_1_219' title='bbox 621 4083 765 4179; x_wconf 87' lang='lat' dir='ltr'><strong>Neque</strong></span> <span class='ocrx_word' id='word_1_220' title='bbox 787 4077 956 4153; x_wconf 90' lang='lat' dir='ltr'><strong>omnino</strong></span> <span class='ocrx_word' id='word_1_221' title='bbox 984 4073 1088 4154; x_wconf 91' lang='lat' dir='ltr'><strong>hanc</strong></span> <span class='ocrx_word' id='word_1_222' title='bbox 1111 4079 1320 4160; x_wconf 82' lang='lat' dir='ltr'><strong>rationem</strong></span> 
     </span>
     <span class='ocr_line' id='line_1_32' title="bbox 181 4195 1321 4304; baseline 0.01 -35"><span class='ocrx_word' id='word_1_223' title='bbox 181 4195 483 4273; x_wconf 89' lang='lat' dir='ltr'><strong>commentandi</strong></span> <span class='ocrx_word' id='word_1_224' title='bbox 498 4197 539 4274; x_wconf 91' lang='lat' dir='ltr'><strong>in</strong></span> <span class='ocrx_word' id='word_1_225' title='bbox 552 4212 708 4276; x_wconf 86' lang='lat' dir='ltr'><strong>veteres</strong></span> <span class='ocrx_word' id='word_1_226' title='bbox 727 4210 909 4276; x_wconf 83' lang='lat' dir='ltr'><strong>auctores</strong></span> <span class='ocrx_word' id='word_1_227' title='bbox 924 4198 1103 4275; x_wconf 89' lang='lat' dir='ltr'><strong>classicos</strong></span> <span class='ocrx_word' id='word_1_228' title='bbox 1119 4213 1321 4304; x_wconf 89' lang='lat' dir='ltr'><strong>tanquam</strong></span> 
     </span>
     <span class='ocr_line' id='line_1_33' title="bbox 179 4313 1319 4420; baseline 0.01 -31"><span class='ocrx_word' id='word_1_229' title='bbox 179 4315 297 4418; x_wconf 79' lang='lat' dir='ltr'><strong>unice</strong></span> <span class='ocrx_word' id='word_1_230' title='bbox 312 4313 564 4416; x_wconf 89' lang='lat' dir='ltr'><strong>probandam</strong></span> <span class='ocrx_word' id='word_1_231' title='bbox 578 4334 618 4396; x_wconf 90' lang='lat' dir='ltr'><strong>et</strong></span> <span class='ocrx_word' id='word_1_232' title='bbox 631 4317 952 4420; x_wconf 88' lang='lat' dir='ltr'><strong>amplectendam</strong></span> <span class='ocrx_word' id='word_1_233' title='bbox 965 4319 1186 4416; x_wconf 79' lang='lat' dir='ltr'><strong>venditavi3</strong></span> <span class='ocrx_word' id='word_1_234' title='bbox 1216 4347 1319 4402; x_wconf 89' lang='lat' dir='ltr'><strong>con-</strong></span> 
     </span>
     <span class='ocr_line' id='line_1_34' title="bbox 178 4437 1318 4542; baseline 0.008 -31"><span class='ocrx_word' id='word_1_235' title='bbox 178 4449 238 4512; x_wconf 89' lang='lat' dir='ltr'><strong>tra</strong></span> <span class='ocrx_word' id='word_1_236' title='bbox 261 4459 358 4514; x_wconf 88' lang='lat' dir='ltr'><strong>vero</strong></span> <span class='ocrx_word' id='word_1_237' title='bbox 378 4459 472 4514; x_wconf 86' lang='lat' dir='ltr'><strong>cum</strong></span> <span class='ocrx_word' id='word_1_238' title='bbox 498 4437 581 4516; x_wconf 87' lang='lat' dir='ltr'><strong>aliis</strong></span> <span class='ocrx_word' id='word_1_239' title='bbox 608 4443 650 4518; x_wconf 92' lang='lat' dir='ltr'><strong>in</strong></span> <span class='ocrx_word' id='word_1_240' title='bbox 677 4439 794 4537; x_wconf 81' lang='lat' dir='ltr'><strong>locis,</strong></span> <span class='ocrx_word' id='word_1_241' title='bbox 829 4453 916 4530; x_wconf 83' lang='lat' dir='ltr'><strong>tum</strong></span> <span class='ocrx_word' id='word_1_242' title='bbox 939 4441 979 4516; x_wconf 91' lang='lat' dir='ltr'><strong>in</strong></span> <span class='ocrx_word' id='word_1_243' title='bbox 995 4437 1318 4542; x_wconf 81' lang='lat' dir='ltr'><strong>praefationibus</strong></span> 
     </span>
    </p>
   </div>
   <div class='ocr_carea' id='block_1_5' title="bbox 0 0 1396 4988">
    <p class='ocr_par' dir='ltr' id='par_1_5' title="bbox 0 0 1396 4988">
     <span class='ocr_line' id='line_1_35' title="bbox 0 0 1396 4988; baseline 0 5"><span class='ocrx_word' id='word_1_244' title='bbox 0 0 1396 4988; x_wconf 95' lang='lat' dir='ltr'><strong> </strong></span> 
     </span>
    </p>
   </div>
  </div>
 </body>
</html>
