2606 5008
215 423 292 500 240
458 415 500 488 P.
533 411 795 488 VlRGlLll
828 409 1100 492 MARONIS

216 599 366 680 Uvidus
378 597 546 674 hiberna
561 600 670 694 venit
686 597 737 675 de
751 596 894 697 glande
909 595 1112 674 Menalcas.
1251 603 1285 672 tl

218 707 391 800 OmneS,
431 701 541 778 unde
587 727 701 778 amor
738 704 1025 906 istpppppssant,
1066 699 1154 776 tibi?
1201 698 1287 774 lenit

217 983 345 1046 tinemut,
368 979 470 1032 bondis
485 977 574 1030 auidus
590 978 676 1030 corbis
694 977 874 1047 pabulatorius
895 977 1041 1030 modiorum
1054 971 1140 1043 viginti
1159 973 1246 1028 sullicit,
1263 967 1288 1018 ul

217 1052 289 1104 foeni
306 1051 395 1119 pando
411 1048 525 1118 triginta,
544 1047 585 1098 vel
597 1047 653 1099 sine
669 1049 747 1100 modo
759 1048 849 1099 viridis
859 1047 948 1100 laurea
962 1057 989 1098 et
1000 1045 1096 1114 ilignea
1108 1043 1212 1102 frondes,
1227 1053 1246 1090 et
1256 1039 1287 1095 l'a.

219 1121 242 1174 si
255 1119 369 1188 regionis
384 1119 461 1186 copia
475 1117 623 1185 permittet,
641 1118 739 1186 glans
754 1117 882 1169 adiicitur.
900 1147 933 1156 -
949 1143 985 1157 -
1018 1117 1107 1166 Mense
1124 1111 1242 1165 Februario
1251 1109 1289 1176 ple

218 1207 327 1259 rumque
344 1189 435 1240 eadem
449 1197 510 1238 sunt
523 1187 628 1238 cibaria.
664 1187 758 1238 Martio
773 1197 801 1238 et
814 1186 899 1254 Aprili
912 1187 991 1237 debet
1005 1185 1038 1236 ad
1052 1184 1122 1235 foeni
1133 1183 1219 1251 pandas
1228 1179 1288 1230 adiici:

219 1290 253 1302 ·-
269 1289 302 1299 -
320 1259 353 1309 ab
368 1258 455 1308 ldibus
478 1267 564 1307 tamen
581 1257 677 1307 mensis
691 1257 788 1324 Aprilis
809 1257 893 1308 viride
911 1255 1032 1326 pabulum
1048 1265 1116 1305 recte
1131 1255 1247 1310 seautnr;“
1260 1261 1289 1298 ste

220 1341 247 1380 et
259 1331 307 1390 xl,
320 1331 346 1392 2,
360 1329 417 1382 83.;
444 1325 613 1390 „Glandis
632 1344 734 1395 quoqne
750 1343 802 1377 nou
822 1327 912 1378 inatsse
934 1335 975 1376 est
996 1323 1105 1392 siugulis
1123 1321 1205 1389 iugis
1223 1317 1289 1370 nelias

220 1397 336 1466 singulos
349 1397 420 1447 dure.
434 1425 467 1434 -
482 1425 515 1436 -
540 1395 642 1446 Glans
657 1407 742 1447 autem
753 1395 836 1465 paleis
849 1394 1016 1446 immiscenda
1029 1403 1079 1457 est,
1093 1405 1165 1461 atque
1177 1391 1207 1440 its
1220 1389 1289 1438 balas

391 1469 408 1496 ss
471 1465 478 1476 ·
554 1465 560 1477 ·
1171 1460 1177 1472 '
1243 1457 1247 1466 ¹

220 1466 390 1603 astant,
408 1464 1115 1614 ste-,easeelegantiam
1133 1462 1292 1581 „llatae

220 1606 340 1674 Apriles,
363 1603 391 1653 iu
407 1603 576 1654 calidioribus
589 1614 661 1654 certe
679 1605 845 1672 regionibus,
867 1604 924 1655 dari
939 1603 1060 1664 solitam
1085 1601 1151 1652 unde
1166 1607 1237 1667 patet.
1250 1595 1291 1670 haut

220 1675 343 1742 Eulogam
358 1684 428 1723 certe
446 1682 507 1722 ente
521 1673 580 1724 Kal.
602 1673 683 1724 Maias
704 1675 755 1726 seri
775 1685 829 1726 tum
848 1692 912 1725 esse.
949 1672 1074 1724 Hiberna
1093 1671 1200 1742 glanae
1217 1663 1291 1732 iirgs'la

220 1744 335 1866 iicllurd
351 1751 443 1860 utppte
459 1741 564 1792 hiemali
585 1753 703 1810 tempore
719 1691 847 1805 collecte3
870 1743 924 1795 vid.
938 1744 986 1794 Ge.
1000 1741 1096 1805 1,305.
1120 1751 1144 1790 et
1156 1731 1291 1789 manassae

232 1832 264 1864 au
284 1829 316 1864 aa
336 1847 343 1860 .

221 1881 277 1936 scie
294 1897 359 1950 quu;
384 1879 431 1930 sed
446 1880 506 1947 quia
519 1880 642 1948 glandes,
666 1881 693 1932 iu
707 1881 796 1950 pabuli
814 1900 887 1932 usum
901 1891 1081 1949 comparatae,
1105 1879 1131 1930 in
1147 1889 1291 1948 equitassent·¹

221 1951 330 2011 bantur;
352 1949 415 1999 Cato
437 1948 470 1998 de
484 1951 516 2000 R.
530 1951 561 2000 ll.
577 1950 658 2002 LlV.:
686 1951 763 2014 „Ubi
784 1951 917 2002 sementim
940 1949 1101 2020 patraveris,
1124 1945 1226 2017 glandem
1240 1953 1290 2017 paul

221 2019 326 2088 legique
340 2027 461 2086 oportet,
481 2029 507 2070 et
522 2018 557 2069 iu
576 2031 694 2088 aquam
712 2037 751 2072 co
761 2021 880 2072 uiici.“
914 2020 1012 2072 Culum.
1032 2023 1092 2083 Vll,
1104 2021 1130 2080 9,
1142 2020 1176 2071 8.:
1193 2020 1291 2080 „saepett

221 2107 298 2142 mauu
314 2087 425 2138 dandum
443 2098 490 2150 est,
505 2105 580 2156 qutun
594 2089 659 2139 lon's
677 2089 772 2153 delicit,
803 2091 920 2152 ebulum
938 2101 1051 2158 propter
1067 2089 1136 2158 quod
1149 2085 1239 2154 plnriau
1249 2081 1291 2147 glut

221 2158 264 2210 vel
283 2156 403 2208 cisternis
423 2156 456 2206 iu
478 2174 592 2224 aquam
616 2159 657 2209 vel
676 2160 746 2210 faama
760 2110 881 2210 minuistis
896 2159 1064 2210 recondenda
1087 2163 1154 2209 est.“
1185 2158 1291 2216 Quaaqaut

222 2238 323 2289 sutem,
348 2244 381 2276 ue
402 2225 464 2294 quid
482 2225 655 2290 dissimulem,
679 2229 767 2279 suibus
783 2247 886 2310 quoque
899 2229 1008 2297 glandes
1022 2245 1092 2298 aqua
1108 2234 1234 2278 maceratae
1245 2241 1254 2269 a
1265 2233 1291 2282 ,ur

222 2297 338 2348 storibus
354 2295 452 2346 Italicis
468 2293 628 2346 ministratae
640 2297 771 2360 videntum
789 2298 854 2349 allud
867 2309 952 2350 tamen
966 2310 1067 2349 certum
1082 2309 1137 2360 est,
1153 2293 1211 2345 nihil
1221 2291 1288 2340 olum*

223 2365 284 2436 quin
300 2365 444 2416 Menalcam
457 2365 597 2416 bubulcum
609 2365 689 2416 fuisse
702 2368 883 2419 existimemus.
919 2371 992 2430 Quae
1007 2385 1087 2435 quum
1102 2367 1138 2417 ita
1147 2365 1206 2425 siat,
1220 2355 1290 2410 nanda

222 2435 381 2498 bitabimds,
409 2433 470 2503 quin
487 2433 538 2485 hoc
559 2451 662 2503 quoqne
676 2435 751 2499 loco,
774 2447 803 2487 ut
817 2437 987 2505 plerumque,
1012 2437 1134 2489 codicum
1147 2447 1258 2486 consensu

224 2523 281 2556 rum
302 2514 373 2554 tutae
390 2502 494 2570 apuleii
510 2503 618 2555 alicuius
636 2505 698 2556 fidei
718 2507 916 2561 antehabeudus
933 2505 973 2557 sit.
1008 2507 1085 2558 Etsi
1103 2503 1208 2562 lleinaii,
1227 2499 1252 2548 Gt
1275 2559 1280 2570 ⁵

223 2573 377 2636 Burmanni,
401 2573 512 2641 Heyuii,
536 2573 642 2638 Venit,
667 2574 826 2644 aliorumque
844 2575 940 2626 iudicio
963 2575 1105 2628 damnatur
1126 2573 1227 2624 codicum
1242 2567 1289 2616 letttt

223 2661 277 2695 uon
296 2643 360 2694 levis
377 2652 417 2693 est
433 2641 468 2693 ad
487 2643 594 2693 eandem
614 2643 806 2696 defendendam
821 2645 947 2713 ponderis
961 2664 991 2696 ae
1008 2641 1290 2696 stemmataclara

225 2712 384 2772 auctoritas,
402 2711 485 2762 Diatr.
499 2729 560 2779 pag.
576 2713 633 2766 135.
664 2715 735 2780 We.)
804 2716 840 2768 20
862 2715 979 2766 l's'su'das
994 2713 1038 2766 ed.
1057 2718 1125 2766 Veu.
1139 2709 1237 2765 Guellias
1247 2717 1289 2782 ψ

224 2783 285 2834 darn
306 2781 414 2833 [laidus
427 2781 557 2831 hesterna
576 2781 665 2849 legere
683 2793 779 2835 narrat.
820 2785 934 2835 Untidus
952 2786 1026 2836 llum.
1050 2784 1138 2836 Pierii.
1197 2781 1223 2834 il
1237 2775 1289 2825 (iffi

225 2862 306 2920 gaunt
320 2850 378 2902 alii:
404 2868 509 2912 omnes,
528 2852 601 2901 ande
616 2871 693 2903 umor
706 2855 775 2914 iste,
794 2865 911 2924 regant,
929 2852 979 2904 tibi
995 2855 1093 2906 venit?
1121 2851 1222 2924 Apella:
1242 2839 1290 2893 Gfill

224 2921 282 2974 elii:
302 2931 417 2992 rogant:
439 2917 499 2970 Tibi
512 2921 705 2992 vens'tApallo.
742 2925 861 2991 Utroque
875 2921 954 2974 mado
971 2923 1063 2975 aratio
1081 2923 1153 2974 exssia
1167 2916 1262 2972 seddim·

404 1810 497 1878 suique
513 1811 638 1862 uvidus
654 1823 693 1863 est
705 1813 850 1876 Menalcas,
868 1829 937 1874 nou,
956 1822 985 1863 ut
1000 1810 1173 1872 hariolantur,
1188 1823 1254 1857 arare
1264 1817 1291 1850 ae·

224 3061 362 3135 bubulci,
391 3060 472 3118 tardi
493 3081 510 3118 a
529 3059 612 3120 lento
634 3071 666 3120 et
679 3063 768 3122 tarda
811 3064 1034 3142 bematempose
1047 3047 1289 3142 eenrisAadutafft

224 3147 359 3224 ingressu
385 3146 477 3204 boum
489 3191 497 3222 ,
529 3166 603 3224 quos
630 3157 767 3227 pascunt.
811 3169 884 3209 vera
910 3148 1044 3208 Maronis
1065 3149 1235 3230 sagacitatem
1250 3137 1289 3194 db*

227 3233 306 3290 conf.
336 3231 439 3292 Burm.
495 3236 546 3296 20.
590 3233 707 3292 Uvidus
732 3234 765 3292 Ιι.
813 3235 906 3294 dares.
950 3236 1050 3310 Nam,
1082 3237 1107 3295 si
1128 3235 1236 3294 hiberna
1252 3235 1289 3280 Μ

225 3317 317 3378 Venit
337 3317 428 3376 etiam
447 3315 590 3377 subsdcias
605 3317 769 3396 Menalcas,
811 3339 884 3400 pore
897 3319 1077 3380 Menalaase
1091 3321 1168 3380 silvis
1179 3314 1254 3376 redux
1263 3303 1289 3364 ll

226 3403 265 3464 de
281 3423 358 3481 quo,
382 3403 414 3461 id
428 3403 512 3482 quod
523 3403 652 3462 maxime
661 3405 693 3464 in
716 3425 769 3464 su·
812 3406 885 3481 suit,
913 3406 1119 3484 reliquorum,
1146 3421 1211 3484 quse
1226 3411 1290 3456 mana

226 3490 350 3550 bulcum
373 3489 563 3564 eonveniret,
591 3489 678 3550 addit
696 3489 770 3549 hoc:
812 3501 941 3566 rantur,
982 3493 1064 3552 ratio
1090 3511 1190 3572 parant
1215 3483 1290 3541 consid

228 3596 297 3636 eum
325 3573 415 3634 moda
442 3574 480 3632 de
505 3583 594 3634 nocte
618 3577 651 3636 in
688 3576 770 3635 silvis
812 3579 853 3636 Ut
867 3569 994 3656 'poetam
1016 3599 1056 3637 ex
1071 3577 1118 3638 his
1135 3572 1230 3654 laqueis
1241 3579 1292 3640 lxP‘

228 3659 387 3740 glandibus
409 3659 449 3718 ad
468 3671 588 3739 pastum
608 3663 701 3741 gregis
720 3660 771 3720 hi·
814 3663 899 3738 dias,
929 3671 993 3722 esto
1020 3665 1109 3742 glans
1137 3665 1167 3722 iu
1190 3657 1292 3718 hieran

226 3748 355 3806 bernam
371 3745 507 3824 legendis
520 3766 650 3806 vacasse.
693 3747 772 3806 Hinc
813 3767 903 3808 usum
927 3757 1033 3827 parata
1045 3771 1055 3826 ς
1093 3748 1148 3808 etsi
1174 3745 1209 3804 sie
1229 3739 1292 3819 iterat(

228 3833 336 3892 uvidus
349 3852 365 3889 a
380 3849 449 3890 rore
460 3831 620 3891 matutino.
648 3831 771 3892 bibente
812 3832 936 3893 haerere
953 3834 1051 3914 possis
1070 3835 1101 3894 in
1114 3817 1291 3912 flma'laslt

158 3918 162 3931 '
226 3918 359 3996 glande:
382 3917 415 3976 in
426 3914 554 3975 hiemem
568 3937 585 3974 a
601 3912 770 3997 poetislta-
812 3919 886 3978 mdis
906 3928 937 3978 et
954 3917 1023 3978 liliis
1047 3941 1078 3980 v.
1099 3919 1148 3986 25.
1187 3899 1291 3994 (Quali

229 4003 267 4062 lis
284 4001 391 4061 referri
411 4001 486 4060 solet
508 4002 663 4080 glandium
685 4004 770 4062 oolli-
812 4027 857 4064 vs.
880 4009 928 4069 19.
942 4025 984 4082 sq.
1004 4006 1125 4086 scripsit
1140 3999 1291 4080 Hepduts‘l

228 4087 394 4166 gendarum
407 4095 534 4166 tempus.
557 4088 663 4167 Geerg.
676 4088 769 4163 1‚so5
812 4092 952 4170 pleraque
968 4091 1070 4150 omniu
1085 4091 1156 4150 salsa
1168 4103 1228 4156 esse,
1244 4069 1291 4153 fid

228 4173 349 4252 genialis
362 4171 470 4232 hiems:
486 4206 530 4218 -
552 4175 612 4232 Sed
629 4186 727 4232 tanen
743 4187 771 4232 et
813 4195 987 4254 cognosces,
1011 4177 1134 4254 quaein
1153 4165 1290 4236 vill-‘ll

229 4279 357 4340 quemne
383 4258 513 4336 glandes
541 4271 604 4316 tum
630 4262 771 4338 strdagere
813 4261 886 4320 tavi.
911 4259 994 4342 Wr.)

178 4344 182 4375 ⁸
229 4357 355 4419 tempus.
402 4343 646 4404 sicarbutorum
665 4345 770 4424 Georg.
855 4351 907 4410 21.
929 4346 1188 4414 mammae,
1207 4335 1290 4426 llllll,

229 4427 371 4506 11‚520,
399 4427 452 4488 ubi
475 4429 514 4488 de
542 4428 639 4490 hieme
663 4430 770 4509 agitur.
812 4431 933 4512 puelle,
974 4451 1065 4509 quam
1090 4427 1207 4510 puellum
1230 4431 1290 4474 *Ν

229 4515 348 4576 Lucret
368 4512 412 4590 V,
434 4517 497 4580 938
525 4537 605 4598 quae
625 4537 704 4576 name
720 4516 771 4576 lsi-
813 4519 897 4592 τίνος
920 4509 946 4580 ai
973 4511 1061 4600 ’γαθέ
1085 4509 1184 4580 τόσσον
1201 4505 1287 4588 [affl
