2730 5016
182 313 996 442 ou'ono1oouu1u1uas-490
1075 355 1148 430 581

15 537 226 614 Omnibus
243 549 325 611 acta
341 536 422 611 sitis
432 537 607 612 'miseros
626 535 840 614 adduxerat
856 554 977 618 artus:

15 646 174 743 Rursus
198 638 423 716 abundabat
435 637 580 716 lluidus
596 638 748 739 liquor,
776 645 991 744 omniaque
1007 644 1047 717 in
1063 669 1105 718 se

15 748 123 820 Ossa
142 745 369 820 minutatim
389 743 536 818 morbo
554 743 737 843 conlapsa
757 745 946 826 trahebat.
1072 751 1148 826 485

15 853 154 948 Saepe
169 848 210 922 in
230 847 389 922 honore
405 847 528 921 deum
541 847 678 921 medio
697 861 801 927 stans
818 849 947 925 hostia
964 849 1147 946 adaram,

15 957 153 1026 Lanea
172 949 270 1026 dum
285 952 398 1025 nivea
416 949 683 1025 circumdatur
699 950 821 1029 infula
838 954 950 1047 vitta,

15 1061 134 1130 lnter
154 1055 370 1130 cunctantis
389 1053 530 1130 cecidit
546 1053 787 1133 moribunda
805 1056 1018 1133 ministros

15 1166 98 1234 Aut
112 1158 144 1232 si
161 1181 282 1258 quam
293 1151 403 1234 ferro
417 1169 652 1233 mactaverat
664 1173 754 1235 ante
771 1159 975 1257 sacerdos,

15 1261 123 1338 lude
139 1285 273 1361 neque
291 1261 470 1362 inpositis
489 1259 630 1338 ardent
645 1261 775 1339 altaria
794 1262 924 1361 fibris,
1070 1267 1146 1340 490

69 1405 161 1478 490.
187 1419 337 1491 rmn1s3

47 1605 107 1660 483
129 1604 294 1657 meraritis
315 1603 437 1658 Parrbas.
473 1617 540 1678 apta
551 1606 630 1658 Goth.
644 1623 685 1676 pr.
721 1607 874 1662 abduxerat
889 1610 987 1679 aliquot
1003 1623 1045 1674 ap.
1060 1605 1145 1656 Euam.

15 1693 75 1727 mm
91 1673 153 1725 edd.
166 1673 243 1726 Aldd.
258 1675 324 1725 luat.
344 1675 402 1739 (aed
422 1677 583 1730 emendatius
605 1676 679 1729 dedit
699 1679 846 1747 Naugerius
867 1680 952 1732 Aldin.
973 1677 1046 1742 tert.)
1064 1674 1146 1726 Goth.

15 1764 86 1806 κα,
114 1744 194 1795 etiam
217 1742 379 1810 Philargyr.7
399 1745 443 1813 qui
469 1745 595 1812 explicat,
630 1759 814 1800 contraxerat.
893 1747 946 1805 484
970 1743 1146 1797 abundabam

15 1815 87 1865 bad.
116 1813 249 1884 flaccidas
263 1813 357 1865 Medic.
381 1831 439 1864 cum
459 1813 542 1866 tribua
559 1817 704 1882 Burmann,
730 1819 804 1869 Rom.
821 1819 942 1870 etGotb.
962 1834 1012 1884 pu,
1031 1811 1145 1866 Servius.

15 1884 68 1934 rid.
83 1883 172 1935 Gilua.
185 1881 240 1932 lnd.
253 1883 358 1934 Lucrct.
384 1883 445 1951 (hoc
466 1883 569 1952 quidem
588 1884 648 1937 loco
664 1889 770 1954 priora
785 1886 898 1939 miniatis
920 1885 1022 1956 punctis
1040 1883 1066 1933 in
1086 1883 1146 1930 Me-

15 1955 65 2004 lie.
83 1961 183 2004 notata.
209 1951 280 2018 We]
339 1953 391 2006 486
407 1953 496 2004 media
508 1955 574 2005 Van.
610 1957 726 2010 adurae
743 1956 783 2008 ed.
797 1958 862 2008 Dan.
882 1963 910 2009 et
924 1956 991 2007 uliae
1010 1951 1146 2020 antiquio-

15 2042 71 2084 res,
97 2022 192 2073 saltem
216 2022 309 2088 Egnat.
386 2023 438 2076 487
454 2024 542 2074 Linea
564 2025 638 2090 edd,
663 2027 756 2094 quibua
778 2025 878 2078 Pierius
897 2027 1025 2076 utebatur.
1057 2017 1145 2090 (etium

15 2093 74 2144 ald.
92 2101 154 2142 tert.
189 2093 331 2142 Praeterea
344 2092 425 2146 niveo
439 2091 563 2144 Medius
583 2112 616 2144 m.
630 2113 670 2164 pr.
692 2096 764 2161 Wr.)
799 2099 912 2148 Laurea
926 2094 992 2146 aliae
1007 2091 1067 2143 edd.
1080 2098 1144 2140 vett.
1199 2115 1202 2130 ι

15 2165 66 2216 ι88
86 2162 235 2230 magistros
255 2161 394 2211 Romanus.
428 2161 480 2212 Sed
502 2164 619 2214 ministri
638 2175 698 2215 sunt
715 2181 818 2232 popae,
847 2165 941 2231 utiam
961 2161 1006 2214 alii
1020 2162 1144 2212 docuere.

15 2233 66 2285 t89
85 2233 126 2281 At
139 2231 164 2280 si
185 2229 253 2279 alter
267 2229 388 2280 llottend.
408 2229 507 2281 zulich.
543 2237 705 2286 mactaverit
718 2234 792 2286 Leid.
806 2233 852 2288 alt.
872 2245 900 2286 et
914 2232 1011 2302 Regius
1029 2229 1143 2282 Martini.

15 2305 63 2368 ss‘
79 2301 144 2352 490.
161 2317 211 2350 nec
227 2297 321 2349 Medic.
339 2315 381 2366 ap.
395 2297 503 2368 Foggin.
531 2301 602 2368 Wr.)

15 2478 88 2534 Sitia
115 2493 174 2553 pro
197 2483 296 2550 aestu,
327 2475 445 2549 calore,
479 2475 560 2534 unde
601 2476 728 2556 piandus
740 2478 877 2536 Lucanus
885 2476 936 2550 vl,
948 2478 989 2538 88
1014 2475 1144 2550 Corpora

15 2563 80 2620 titis
94 2559 211 2634 oritur,
239 2571 276 2619 ut
289 2561 349 2619 iam
369 2561 491 2620 Servius
505 2579 560 2618 ex·
602 2563 676 2619 dum
691 2563 779 2620 coierit
799 2562 880 2620 tabes
897 2574 926 2618 et
942 2561 1069 2636 digeris,
1095 2557 1144 2615 di-

17 2647 127 2706 rosuit.
146 2649 324 2725 sitisignea,
337 2649 455 2705 utStat.
467 2645 560 2705 Theb.
602 2647 727 2722 minuit,
749 2647 888 2720 resolvit,
911 2657 1004 2702 arlais.

15 2733 59 2808 JV,
81 2733 147 2795 699
169 2731 269 2790 haurit
288 2735 352 2790 sitis
369 2737 461 2810 ignea
474 2753 560 2790 cam·
646 2731 718 2796 486.
740 2735 885 2790 Hostiam
902 2729 1030 2806 intellige
1047 2725 1144 2786 maio·

15 2841 88 2892 roc,
113 2816 167 2874 ubi
191 2817 256 2892 alii,
280 2837 318 2876 ex
332 2817 559 2896 interpretatio·
603 2837 682 2892 rein,
705 2827 844 2893 taurum,
867 2816 951 2876 cuius
964 2825 1034 2874 exta
1048 2811 1143 2892 inspi-

15 2925 64 2978 ιε,
97 2902 200 2960 arata.
214 2907 217 2912 “
232 2906 297 2961 aclis
324 2916 395 2961 acta
425 2903 559 2960 omnibus
602 2905 768 2963 ciebantur.
797 2906 829 2960 ia
847 2901 956 2961 honore
977 2901 1066 2959 ἅειιηι
1079 2919 1143 2956 me-

18 2991 113 3061 renas,
138 3007 192 3064 per
214 3008 433 3063 omnesvenas,
457 3008 559 3047 omnes
600 2992 669 3064 dio,
699 2989 731 3047 in
757 2988 855 3048 medio
871 2986 1042 3062 ,sacrifici03
1069 2992 1143 3042 noto

15 3091 180 3146 rumores,
210 3083 393 3152 penetrans,
428 3093 458 3132 ec
484 3073 559 3132 insi·
603 3096 659 3134 usu
683 3095 749 3132 voc.
772 3075 876 3134 honos.
929 3072 1002 3137 487.
1023 3071 1096 3129 dum
1117 3087 1144 3126 01

15 3179 121 3221 mans.
167 3160 280 3217 lrrlima
305 3159 560 3237 parthemium
601 3160 804 3219 circumdatur
830 3160 930 3238 insula
955 3160 1046 3216 lactea
1068 3159 1144 3214 vitta

15 3245 166 3322 ingravit
185 3243 229 3302 acl
249 3265 341 3318 ossa,
371 3245 490 3304 Lucret.
510 3243 558 3318 VI,
600 3248 708 3318 turea,
741 3245 1011 3329 poeticumque,
1041 3241 1071 3301 h.
1093 3241 1143 3298 in-

15 3335 109 3396 Ὶ466.
145 3329 313 3388 adiecerat
348 3343 451 3405 artas,
491 3337 559 3388 cute
600 3331 663 3390 sule
684 3331 803 3391 vittata.
854 3332 962 3410 Insula
988 3336 1033 3386 est
1054 3326 1143 3384 latius

15 3423 189 3488 cntracta,
227 3413 309 3492 quod
333 3415 368 3474 fit
393 3435 426 3473 ea
452 3434 559 3474 exure·
601 3416 760 3495 quiddam,
789 3425 819 3474 et
843 3416 950 3495 cupiti,
972 3433 988 3470 e
1009 3413 1143 3490 quesere

17 3511 132 3574 cente,
155 3499 233 3558 utin
248 3500 332 3558 lebri.
354 3501 487 3560 adducta
503 3523 558 3558 aa·
600 3502 766 3582 pendebat,
787 3501 916 3562 velando
932 3509 1053 3577 aptum,
1084 3499 1142 3554 vit-

15 3595 42 3649 is
63 3607 107 3645 ex
122 3584 233 3645 Ovidio
249 3595 321 3644 nota
337 3585 407 3644 Met.
422 3587 557 3662 111,398.
596 3592 639 3671 ‚tis
661 3589 774 3666 alligari
803 3595 834 3644 et
856 3585 1019 3663 constringi
1047 3583 1141 3640 solita.

15 3680 114 3754 ἰ’φιον
133 3671 280 3748 fluidus,
317 3669 459 3732 humores
488 3693 558 3730 cor·
600 3673 662 3733 vid.
678 3675 795 3754 Lucret.
818 3672 847 3746 l,
867 3676 918 3736 88.
938 3673 988 3736 89.
1037 3670 1089 3726 Est
1105 3669 1142 3726 de

15 3759 113 3839 ’upti‚
148 3757 409 3833 colliquesceatec,
446 3757 558 3832 tabum,
600 3759 660 3819 boc
674 3760 792 3839 copiosa
806 3756 965 3837 disputatio
974 3755 1054 3835 apud
1067 3754 1142 3812 Ges-

15 3846 89 3905 :ont
110 3843 289 3901 Lucretiam
303 3841 352 3916 VI,
366 3847 447 3908 1202
461 3853 492 3902 et
505 3843 559 3903 rel.
601 3865 708 3904 nerum
717 3845 749 3904 iu
762 3843 849 3902 Thes.
864 3843 895 3900 L.
905 3841 935 3900 t.
949 3859 1015 3899 voc.
1029 3839 1138 3919 basula.

15 3929 152 3990 rosceda!
167 3931 270 3986 omum
285 3949 352 3986 ossa
367 3933 399 3986 iri
411 3951 460 4004 ce,
486 3929 559 3990 dum
602 3930 675 3996 489.
698 3937 778 4002 ame,
795 3927 826 3986 h.
841 3936 1001 4006 antequam
1012 3925 1141 3986 moriens

15 4016 96 4097 qnasi
114 4015 147 4073 in
165 4014 234 4072 tabo
248 4022 394 4089 natarent,
417 4036 485 4089 qssa
500 4018 560 4072 mi·
603 4015 731 4076 caderet.
782 4013 883 4089 Inde,
913 4033 951 4071 ex
983 4031 1017 4070 ea
1044 4031 1141 4090 neque

15 4103 145 4162 nutatim
158 4098 258 4158 nwrbo
279 4102 424 4178 conlapsa
431 4123 442 4170 ;
474 4101 558 4159 cuius
599 4102 708 4176 librae,
730 4099 761 4159 b.
784 4107 867 4175 exta,
895 4097 1003 4158 ardent
1016 4098 1141 4178 imposi-

15 4187 128 4266 pneris
147 4186 327 4263 liquationes
348 4195 378 4242 et
396 4186 558 4244 resolutio·
600 4198 650 4246 tae
672 4183 832 4262 altaribus3
867 4203 936 4244 cum
960 4193 1062 4244 autem
1086 4204 1141 4243 nec

15 4297 60 4334 res
86 4271 200 4332 ossium
218 4272 305 4330 etiam
320 4272 352 4330 in
372 4271 435 4329 aliis
447 4271 559 4330 morbis
600 4273 699 4331 minus
728 4271 793 4350 ipsa
821 4289 873 4328 ura
897 4289 953 4349 pro
970 4272 1092 4330 victima
1114 4271 1141 4328 ei

15 4361 161 4420 ridemus.
206 4357 248 4415 De
263 4356 333 4415 tabe
348 4365 378 4414 et
398 4356 558 4437 putredine
599 4356 741 4436 imposita
762 4364 907 4435 ponatur:
938 4353 1027 4432 binc,
1057 4357 1140 4414 alta-

15 4447 214 4520 ·adaverum,
244 4463 306 4502 non
328 4441 366 4501 de
383 4441 456 4517 bac,
478 4441 558 4500 acci-
600 4446 647 4502 ria
671 4441 799 4516 ωτίειιι,
843 4441 1020 4520 exquisitius
1052 4439 1140 4500 dixit.
