2710 4998
233 383 354 459 VITA
382 384 423 458 P.
451 381 667 459 VlRGlLll
691 380 926 460 MARONIS
1063 405 1125 458 xer

42 591 124 656 ponae
141 573 279 648 inrtituit,
307 581 343 634 ut
365 571 490 652 quidam
511 573 651 632 tradunt.
696 571 756 632 Alii
772 573 836 634 eius
856 572 1021 633 sententiae
1042 577 1166 651 suntet

42 659 231 734 unirtiment,
252 678 336 734 eum,
364 658 391 718 si
414 657 529 718 diutim
551 657 689 736 dunat,
719 667 852 736 quatuor
869 667 900 718 et
911 659 1017 738 viginti
1030 659 1124 720 libror

40 765 108 824 nque
125 745 159 804 ad
178 744 301 824 Augusti
322 755 460 825 tempora
480 745 681 824 scripturum,
711 753 801 823 atque
822 744 879 802 alia
891 745 1038 824 quaedam
1051 765 1124 825 per-

39 851 176 906 erratum
195 830 321 910 rugiae
338 851 414 892 vero
430 839 512 909 geata
533 830 754 909 diligentissime
770 839 993 891 exsecuturum:
1015 833 1125 913 quippe

38 919 84 996 gri,
101 917 164 977 dam
183 917 340 992 aci-thret,
367 936 405 976 ne
424 915 499 994 quid
517 915 663 996 impetum
685 925 870 992 moraretur,
901 917 1047 994 quaedam
1065 917 1125 977 im·

37 1004 137 1082 panas
151 1003 287 1081 reliquit;
313 1002 373 1062 alia
394 1001 549 1062 levissimis
571 1001 708 1062 versibus
731 1001 828 1062 veluti
847 1001 945 1062 iulait:
974 1023 1050 1082 quos
1071 1021 1125 1084 per

35 1091 107 1148 iorum
121 1109 171 1169 pro
188 1089 289 1168 tigillis
305 1088 356 1148 vel
376 1087 549 1148 tibicinibus
565 1087 717 1168 interponi
738 1108 756 1146 a
778 1107 809 1146 se
826 1087 959 1165 dicebat,
981 1089 1020 1148 ad
1032 1089 1125 1148 susti-

34 1173 138 1234 mdam
152 1193 243 1254 opnr,
265 1173 364 1234 donec
376 1173 488 1232 solidae
505 1173 661 1234 columnae
673 1173 861 1233 advenirent.

93 1261 127 1320 Χ.
158 1260 295 1322 Bucolica
324 1259 458 1320 triennio
486 1257 580 1318 Asinii
606 1259 749 1320 Pollionis
775 1279 866 1318 suasu
895 1257 1029 1340 perfecit.
1069 1257 1169 1318 Hic&

30 1345 242 1425 lnnspsdansm
260 1344 609 1436 provinciam'regebat3
637 1346 723 1405 cuiua
743 1346 861 1422 favore,
891 1363 959 1403 cum
979 1343 1128 1403 veteranis

28 1431 131 1509 logne
147 1433 291 1492 militibus
307 1431 553 1492 Cremonensium
575 1441 607 1491 et
625 1431 861 1491 Mantuanorum
880 1429 943 1510 agri
964 1428 1128 1489 distribue-

29 1527 125 1592 rentur,
145 1539 213 1578 suos
226 1517 365 1596 Virgilius
380 1538 442 1576 non
457 1517 564 1576 amisit.
608 1517 698 1577 Facta
712 1516 791 1576 enim
807 1515 1027 1592 distributione,
1047 1535 1126 1590 suos,

29 1622 66 1662 rar
75 1603 187 1664 Caudio
204 1623 258 1664 seu
272 1603 362 1664 Arrio
383 1603 486 1679 dator,
508 1604 704 1684 recuperavit
746 1603 837 1664 Hune
851 1603 1015 1662 Pollionem
1027 1600 1170 1664 maxi-ar

27 1691 174 1749 minavit
194 1689 296 1766 Maro,
326 1700 358 1748 et
372 1689 499 1748 dilectus
515 1689 553 1748 ab
576 1708 612 1748 eo
626 1710 731 1770 magna
744 1708 870 1748 munera
882 1687 964 1750 tulit.
1007 1687 1127 1768 Quippe
1160 1723 1165 1738 ι

27 1775 64 1850 qni
75 1775 212 1834 inritatus
228 1775 266 1834 ad
279 1795 423 1850 coenam,
444 1783 550 1854 captus
563 1775 768 1854 pulcritudine
779 1783 809 1833 et
830 1773 980 1852 diligentia
992 1772 1126 1832 Alexan-

27 1858 75 1930 dri,
97 1861 232 1920 Pollionis
248 1861 351 1942 pueri,
380 1879 449 1920 eum
473 1859 554 1920 dono
575 1861 699 1940 accepit.
740 1859 838 1919 Huius
860 1859 1000 1919 Pollionis
1019 1859 1169 1935 filium‚ae

28 1945 195 2022 tunium,
220 1955 251 2006 et
267 1945 441 2007 Cornelium
465 1945 601 2023 Gallum,
630 1955 781 2005 oratorem
803 1947 934 2020 clarum,
958 1953 989 2004 et
1003 1955 1125 2024 poetam

26 2051 70 2088 non
82 2031 265 2109 medicum,
287 2033 365 2092 miro
378 2049 479 2092 amore
492 2032 599 2092 dilexit
611 2029 761 2111 Virgilius.
788 2031 816 2090 ls
829 2031 985 2092 transtulit
999 2029 1126 2112 Eupho-

25 2117 115 2176 rionem
135 2117 167 2177 in
189 2117 348 2194 latinum,
378 2127 409 2177 et
430 2117 514 2178 libria
536 2126 668 2196 quatuor
688 2136 804 2176 amores
821 2138 891 2178 suos
908 2115 946 2176 de
961 2115 1126 2197 Cytheride

24 2204 127 2282 mipat.
166 2203 226 2263 ffic
246 2204 345 2284 primo
366 2203 400 2262 in
418 2203 547 2263 amicitia
566 2203 698 2263 Caesaris
712 2203 839 2283 Augusti
857 2203 929 2264 suit:
950 2213 1071 2283 poateo,
1093 2202 1126 2262 in
1133 2209 1169 2266 39

25 2287 198 2367 mpidouem
212 2289 429 2350 coniurationis
444 2299 550 2349 contra
566 2289 651 2350 illum
665 2287 814 2350 adductus
822 2333 831 2367 ,
853 2289 968 2349 occisus
979 2299 1033 2349 est.
1067 2288 1111 2350 Va

23 2393 76 2432 rom
88 2375 264 2455 usqueadeo
279 2374 363 2435 hune
377 2375 496 2434 Gallum
510 2375 649 2455 Virgilius
662 2383 791 2451 amarat,
813 2384 849 2434 ut
862 2384 988 2454 quartur
1002 2373 1128 2454 Georgi-

24 2479 122 2536 corum,
142 2481 160 2519 ι
180 2459 283 2521 medio
303 2481 400 2540 usque
415 2461 575 2536 adfinem,
597 2461 660 2521 eius
672 2461 793 2522 laudern
808 2461 987 2520 contineret.
1029 2460 1128 2534 Quem

23 2556 120 2624 pate,
138 2547 262 2608 iubente
274 2545 430 2628 Augusto,
449 2547 481 2606 in
498 2546 625 2606 Aristaei
640 2547 772 2608 fabulam
786 2546 992 2607 commutarit.
1217 2543 1219 2546 ’

89 2633 138 2692 XI.
164 2633 311 2714 Georgica
331 2633 485 2713 septennio
508 2633 654 2713 Neapoli,
689 2631 821 2693 Aeneida
843 2633 956 2712 partim
977 2632 1011 2690 in
1029 2629 1171 2694 Siciliaio

23 2717 113 2792 partim
124 2719 155 2778 iu
166 2720 332 2800 Campania
346 2719 506 2779 duodecim
520 2719 648 2779 confecit
659 2719 753 2779 annis.
791 2717 931 2778 Bucolica
943 2736 978 2776 eo
990 2724 1170 2779 suecessutt

24 2801 114 2880 edidit,
134 2813 169 2865 ut
181 2806 214 2866 in
228 2825 319 2868 soona
334 2825 454 2886 quoque
468 2823 524 2886 per
542 2813 679 2868 cantores
700 2805 806 2866 crebra
819 2803 1066 2884 pronuntiatione
1076 2821 1129 2862 re-

48 2973 69 3039 i·
80 2973 119 3028 81.
137 2987 168 3028 at
180 2976 292 3046 quidm
310 2975 442 3038 tradam
459 2975 548 3044 impu·
624 2975 648 3044 d.
666 2974 711 3029 39.
736 2973 910 3035 occisuram
931 2989 962 3024 se
981 2970 1067 3042 ipsum
1085 2969 1130 3022 in-

25 3041 146 3096 baffi
222 3056 284 3098 ecto
298 3045 428 3110 homines,
443 3044 489 3114 qai
502 3045 547 3096 in-
588 3043 706 3096 teremit.
730 3059 755 3095 r.
769 3042 832 3097 Vita
846 3041 941 3111 Virgil.
955 3061 979 3095 a.
994 3043 1054 3097 728.

25 3111 64 3160 ἐἰ
166 3114 338 3185 ”ροθωῑπί
353 3113 474 3166 usitatum
486 3131 548 3166 nro-
625 3125 785 3182 utquortrss
798 3115 871 3165 Geor
890 3115 1000 3166 icarum.
1033 3111 1131 3164 Eadem

25 3197 66 3232 ma
76 3193 143 3236 tamo
156 3195 253 3252 poetae
266 3185 387 3237 tribuere
405 3183 461 3236 uari
480 3193 548 3236 sont.
589 3183 659 3234 inter
674 3181 798 3235 Cerviana
810 3183 845 3234 ad
880 3182 912 3235 cl.
925 3184 963 3248 X,
979 3186 1003 3237 1.
1022 3184 1070 3235 Ge.
1082 3183 1129 3246 tv,

25 3253 48 3298 lt
67 3250 125 3303 ttae
147 3255 226 3306 etiam
247 3255 388 3318 minutos,
405 3255 439 3306 ad
453 3255 549 3306 XXIV
590 3256 616 3317 1,
634 3269 701 3322 quac
716 3269 822 3306 anrera
838 3252 906 3318 sint,
929 3253 1006 3305 valde
1022 3252 1129 3316 dubitor

26 3335 69 3370 n
86 3321 163 3375 h'brus
183 3323 328 3377 Aeneidem
346 3323 428 3376 inisse
447 3323 549 3393 perdo·
589 3339 644 3374 non
661 3321 729 3372 enim
744 3321 892 3376 coniectare
909 3321 989 3388 licet,
1016 3339 1129 3392 quomo·-

26 3393 203 3462 mque
216 3395 251 3446 de
263 3393 401 3447 annalibus
415 3402 546 3462 ageretur.
589 3392 624 3444 do
655 3391 726 3444 Galli
749 3391 888 3444 landesio
909 3391 956 3444 illo
977 3402 1131 3460 argumento

26 3457 83 3510 'etit
105 3471 189 3515 tanea
212 3463 266 3516 irco
283 3463 413 3534 liaphecs
438 3461 547 3530 Vegius,
588 3461 675 3514 locum
689 3460 789 3513 habere
802 3461 950 3532 potuerint3
968 3479 1026 3527 nec,
1043 3461 1130 3512 eiiam

27 3525 164 3598 Q,
188 3551 260 3586 saec.
275 3535 358 3598 XVI,
375 3533 420 3603 qui
434 3533 498 3584 Xlll
509 3531 548 3584 li-
588 3541 651 3584 ante
664 3540 870 3602 quaternarum
885 3530 1017 3599 Georgica
1029 3529 1058 3581 in
1070 3529 1131 3582 vul-

28 3595 200 3655 turned
211 3602 329 3670 adiecit,
369 3619 429 3654 nem
450 3603 502 3654 iam
519 3601 548 3653 in
590 3619 638 3670 gos
669 3599 802 3668 eximant,
834 3601 908 3654 locus
934 3600 1025 3670 potuit
1042 3609 1132 3652 retra-

28 3665 353 3728 detinenatur
412 3670 548 3725 cinmol-
589 3669 664 3724 etati.

29 3735 54 3784 θ’·
69 3739 220 3794 editioribm
248 3759 400 3812 expressum
422 3741 547 3810 reperias.
624 3739 708 3862 {Aa
735 3741 870 3812 Georgica
889 3740 1033 3810 septenm'o
1053 3737 1131 3790 Neo-

30 3807 204 3863 tddbw'r
219 3815 345 3864 Oersvres
360 3809 423 3862 Vol.
438 3811 470 3862 ll.
610 3811 656 3862 o'.
691 3811 731 3860 De
750 3809 810 3862 looo
835 3817 939 3862 comtat
962 3823 994 3860 ex
1013 3807 1065 3860 iine
1084 3807 1132 3859 lib.

53 3875 121 3940 W
137 3882 269 3933 Badeo
281 3881 403 3932 trmnio
416 3908 450 3918 -
462 3878 507 3932 sio
520 3887 548 3930 et
588 3829 626 3931 iV
640 3879 752 3947 Georg.;
773 3887 878 3946 tempus
899 3877 1131 3931 Grammaticorum

31 3941 109 3998 ibon
125 3965 149 4001 r.
168 3950 206 4005 95
226 3967 286 4022 sqq.
304 3966 329 4002 r.
349 3949 397 4002 ini.
411 3949 501 4001 Vitam
514 3947 549 4000 od
589 3947 642 4001 tide
656 3949 757 4000 nititur.

32 4014 107 4070 anfi,
625 4019 650 4087 §·
668 4018 711 4074 41.
731 4029 763 4070 ut
782 4017 813 4070 in
833 4033 924 4068 sceno.
966 4017 1039 4070 Idem
1059 4034 1132 4068 ccm-

56 4083 122 4148 W.
134 4087 305 4150 Alermdria
322 4107 346 4141 r.
362 4105 420 4157 sup.
435 4087 515 4157 Μ).
590 4097 705 4139 mentum
726 4085 1074 4151 triemitonium,
1097 4087 1130 4140 11
1143 4129 1155 4148 ,

47 4151 123 4230 §Q
135 4159 161 4207 C.
174 4159 313 4210 Asinium
347 4157 430 4209 Batia
446 4158 474 4217 C,
487 4155 550 4208 Asi-
591 4165 763 4220 memoratur,
787 4153 911 4223 Eologsm
926 4166 1025 4208 sextam
1046 4174 1061 4208 a
1076 4155 1131 4223 Cy-

36 4233 76 4270 ΙΙ
87 4223 171 4277 Gallu
183 4243 216 4277 ex
237 4219 335 4278 Taoiio
348 4230 415 4278 ann.
431 4229 458 4292 1,
477 4227 511 4280 12
525 4235 551 4278 et
592 4225 788 4278 theridsmima
800 4241 858 4276 esse
870 4224 1019 4288 recitatam
1036 4241 1132 4277 narra-

38 4285 150 4346 tiffioas
172 4295 291 4359 tvm
314 4305 365 4348 cto.
385 4295 449 4347 satia
465 4305 552 4348 notos.
592 4294 674 4348 tionis
698 4305 787 4346 tamen
815 4293 924 4346 lordum
942 4294 1068 4346 idoneum
1085 4311 1132 4346 re-

61 4358 89 4412 li!
106 4365 227 4418 &mbo
247 4364 332 4418 Gallo
350 4381 376 4416 r.
391 4365 425 4416 ad
437 4365 493 4417 Bel.
506 4367 552 4431 Vl,
613 4365 681 4417 erire
693 4364 764 4416 haud
778 4363 857 4416 facile
869 4373 924 4415 ert:
941 4374 1133 4432 praeterquam

41 4425 169 4504 “expe
192 4433 227 4486 d.
241 4451 310 4503 quos
324 4433 415 4485 laudat
426 4435 552 4488 Burman·-
594 4383 732 4504 irrogem
749 4433 783 4485 de
796 4433 949 4486 Oratoribus
969 4453 992 4486 o.
1008 4434 1041 4488 13
1056 4431 1134 4484 tertis

43 4509 74 4548 Ι·
84 4501 113 4553 td
124 4503 266 4574 lathelog.
279 4503 327 4557 lib.
342 4504 375 4572 11,
390 4503 440 4572 Bp.
455 4505 511 4560 tro.
595 4506 653 4578 ipse
666 4503 802 4577 populor,
819 4504 874 4574 qui,
892 4503 996 4556 αιιάὶιίε
1007 4505 1038 4555 in
1053 4502 1135 4554 also·
