2710 4998
318 360 419 478 ean
445 399 618 478 Annos
643 401 868 477 morsm
1063 423 1154 477 cm

126 591 186 652 lloc
198 593 284 652 etiam
298 613 376 652 auno
392 591 572 653 Maecenatis
593 593 677 652 iussu
690 591 845 672 Virgilium
857 593 1001 673 Georgica
1013 611 1155 653 exorsum
1207 581 1208 586 ἵ
1297 664 1299 675 .

56 697 117 752 erae,
136 679 294 738 eommunis
311 689 356 738 est
370 679 487 758 opinioj
507 699 596 758 quam
607 689 725 754 umen,
747 679 772 737 ai
782 679 933 739 molestior
947 681 1002 756 aie,
1033 699 1095 739 non
1109 679 1155 738 Ia-

55 763 98 822 tile
106 763 156 821 nisi
168 765 436 824 Grammaticorum
450 765 630 842 auctoritate
641 764 759 846 probes.

121 849 159 906 oe
180 859 311 930 tempore
337 851 466 911 absoluti
482 851 580 931 operia
596 851 699 930 paullo
720 849 832 910 certior
855 849 941 908 nobie
967 848 1042 910 fides
1060 849 1097 908 fit
1116 869 1155 908 ex

53 935 241 1012 Georgicorum
260 947 338 996 extr.
354 956 432 996 vers.
450 937 511 997 vid.
525 937 566 995 ad
578 937 656 1001 724:
678 937 769 995 modo
783 935 974 1015 exploratum
989 936 1155 1012 radiasset,

52 1021 259 1096 prolectoavere
274 1023 342 1083 illos
356 1042 461 1082 versun
473 1041 534 1082 esee
546 1043 563 1080 a
578 1021 711 1082 Marone.
757 1019 829 1103 (Sed
844 1021 923 1098 vide,
946 1040 1022 1100 quae
1035 1021 1069 1079 in·
1083 1021 1117 1080 V.
1123 1022 1155 1081 L.

52 1103 117 1165 aaa
130 1107 148 1164 l.
164 1106 324 1188 disputavi.
343 1107 432 1191 Wr.)
477 1109 520 1168 Eo
535 1109 657 1167 consilio
672 1115 793 1186 poetam
808 1107 845 1166 de
860 1126 899 1167 ra
907 1108 1021 1166 rustica
1037 1127 1157 1166 carmen

52 1191 211 1268 condidime,
242 1203 278 1252 ut
299 1192 455 1253 hominum
472 1195 587 1254 animoa
610 1193 650 1252 ad
667 1213 806 1276 agrorum
824 1191 940 1252 cultum
953 1213 1007 1272 per
1021 1191 1096 1251 bella
1110 1193 1156 1251 ci-

51 1277 104 1334 rilla
118 1279 279 1358 neglectum
291 1289 465 1357 revocaret,
488 1280 571 1340 docti
583 1279 642 1340 viri
658 1279 830 1338 coniiciunt.
845 1277 907 1338 vid.
921 1277 1044 1358 Argum.
1059 1279 1157 1338 Geor-

115 1449 226 1508 Eodem
246 1470 328 1509 anno
350 1450 388 1508 ab
411 1449 557 1530 Agrippa,
578 1458 613 1508 ut
632 1468 735 1508 recena
750 1447 922 1508 aedificatae
937 1449 1042 1508 classes
1055 1455 1158 1506 tutum

50 1545 181 1614 mptum
199 1534 365 1612 baberent,
394 1535 463 1596 lacu
482 1535 604 1596 Averno
627 1543 656 1593 et
667 1534 796 1606 Lucrino
814 1553 883 1594 cum
902 1535 977 1594 mari
993 1533 1157 1608 commisso,

50 1631 135 1698 portus
147 1621 241 1683 luliua
256 1623 355 1681 sactus
369 1631 424 1698 eet,
447 1621 483 1680 de
497 1642 557 1699 quo
572 1619 633 1680 vid.
646 1620 782 1699 inprimis
798 1621 880 1700 apud
890 1621 1014 1680 Dionem
1028 1619 1157 1694 XLVIII,

50 1709 147 1770 5161.
188 1707 291 1767 Huius
314 1708 411 1787 operia
432 1707 572 1786 Virgilius
592 1706 727 1766 meminit
746 1707 798 1765 Ge.
822 1707 858 1782 II,
883 1711 939 1771 161
957 1703 1076 1770 -164
1106 1704 1158 1764 An

50 1812 184 1850 memorem
201 1807 312 1872 ponza
334 1795 524 1873 Lacr-noque
536 1791 643 1851 addua
664 1793 815 1867 claustra,
847 1794 947 1872 Atque
965 1791 1158 1870 indignantium

49 1880 149 1955 ungari
167 1877 345 1937 rtn'donbue
367 1900 492 1957 aequor,
522 1879 607 1938 Iulia
627 1899 689 1956 qua
703 1889 798 1954 ponto
812 1879 900 1955 longe
913 1889 999 1936 uertat
1011 1877 1095 1939 unda
1109 1897 1157 1935 re-

46 1961 104 2038 foto
120 1964 440 2043 Tjrrrlimuequefretie
453 1966 624 2022 immittitur
634 1975 733 2021 aestua
744 1965 883 2022 Aventia.

114 2048 263 2109 Antonius
277 2069 347 2108 cum
361 2048 452 2108 elaeae
471 2069 508 2108 ex
523 2046 649 2108 Athenis
672 2047 835 2106 Tarentum
856 2047 980 2128 appulit.
1023 2045 1159 2106 Tandem

50 2131 154 2194 Octavia
174 2136 310 2211 arbitra,
341 2135 485 2195 Octavius
504 2143 540 2193 ut
560 2153 627 2192 aum
648 2134 837 2208 conveniret,
859 2132 1031 2193 adducitur.
1073 2133 1159 2194 Nova

50 2219 113 2280 inter
131 2241 179 2280 eoa
202 2221 306 2302 pactio
327 2221 373 2282 fit.
391 2221 456 2282 vid.
482 2220 537 2280 Dio
555 2219 677 2278 XLVIII
700 2227 776 2280 extr.
799 2217 924 2300 Appian.
946 2241 975 2300 p.
997 2216 1079 2282 1149
1094 2239 1157 2297 aqq.

50 2304 140 2366 Indem
153 2327 192 2366 ex
208 2307 329 2387 vulgari
352 2307 492 2386 opinione
508 2305 662 2366 Maecenas
681 2324 846 2385 properans
862 2306 1037 2380 Horatium,
1059 2304 1159 2384 Virgi-
1290 2307 1292 2310 ’

50 2389 121 2468 lom,
140 2393 271 2454 Plotium
286 2413 321 2452 ae
337 2393 460 2454 Varium
475 2391 661 2468 adduxeran
681 2409 789 2452 verum
804 2391 988 2472 probabilior
1003 2389 1039 2450 fit
1056 2390 1158 2450 Brun-
1175 2433 1177 2438 ·
1251 2389 1256 2394 “

51 2475 138 2538 ditium
154 2479 214 2540 iter
227 2479 304 2540 illud
322 2480 435 2540 sactum
450 2478 522 2544 715.
535 2477 598 2538 vid.
611 2496 678 2556 sup.
693 2476 775 2538 adh.
791 2498 818 2536 a.

482 2609 530 2688 U.
557 2611 600 2688 C.
625 2616 713 2688 718.

148 2756 189 2830 t..
216 2753 359 2826 Geltine
375 2753 571 2848 Poplicola.
631 2751 687 2825 M.
712 2751 881 2824 Cocceius
902 2721 1038 2821 Nema.

316 2914 350 2962 u.
370 2890 409 2964 Ο.
425 2893 485 2964 36.
543 2891 688 2986 Virgilii
702 2885 880 2965 34-35.

13 3023 14 3064 t
115 3011 300 3072 Octavianus
315 3011 441 3087 Caesar,
469 3012 552 3071 Sext.
566 3009 707 3092 Pompeio
725 3027 824 3089 pugna
845 3004 945 3066 navali
967 3004 1047 3062 inter
1065 3001 1161 3083 Mylae

51 3093 280 3172 atamachum,
303 3095 343 3155 ad
356 3096 471 3156 Siciliae
483 3097 580 3173 littus,
602 3097 684 3158 victo
699 3105 730 3154 et
741 3093 854 3173 Lepido
867 3093 900 3152 in
914 3089 1097 3150 deditionem
1110 3109 1161 3149 re-

52 3191 138 3260 oepto,
158 3185 289 3242 Romam
307 3201 447 3242 reversus
468 3183 635 3244 immodicis
656 3181 822 3242 honoribus
839 3179 963 3238 affectus
977 3185 1031 3237 eat.
1073 3175 1162 3236 Anno

51 3285 92 3326 uo
105 3269 241 3344 XXVIII,
263 3267 365 3346 inquit
378 3268 505 3348 Appian.
527 3289 555 3348 p.
577 3272 673 3342 1178,
695 3267 860 3348 oppidatIm
873 3265 953 3326 inter
967 3263 1038 3322 deoe
1051 3263 1162 3321 tutela-

50 3369 86 3410 rea
98 3355 151 3414 coli
167 3355 275 3434 coepit.
319 3353 402 3414 Ilaec
420 3355 517 3433 prima
535 3354 631 3415 divini
651 3353 775 3414 honoria
790 3351 822 3411 in
835 3371 905 3412 eum
921 3350 1021 3410 collati
1036 3349 1161 3409 mentio.

51 3437 98 3496 rid
113 3441 207 3500 Neris.
225 3439 392 3520 cenotaph.
406 3441 503 3500 Piran.
522 3461 552 3520 p.
566 3442 605 3506 51
622 3460 685 3518 eqq.
728 3437 821 3514 Quod
832 3439 935 3516 itaque
947 3437 1007 3494 iam
1023 3433 1164 3492 antehoc

52 3529 149 3604 Impar
163 3547 182 3584 a
194 3525 320 3604 Virgilio
334 3527 421 3585 Deua
436 3527 604 3605 appellatur
612 3571 621 3600 ,
645 3525 707 3586 Ecl.
728 3525 759 3602 1,
780 3524 813 3584 id
828 3525 892 3583 sine
907 3523 999 3582 dubio
1016 3539 1051 3577 eo
1065 3518 1163 3598 perti-

52 3617 103 3684 Μ,
122 3611 204 3690 quod
224 3613 346 3670 Divum
366 3613 482 3671 Iultrtm
503 3621 620 3692 patrem
640 3610 779 3670 habebat.
822 3612 902 3669 Divi
914 3627 1011 3688 genua
1025 3602 1099 3663 Aen.
1113 3601 1163 3680 VI,

53 3695 107 3758 tn.
126 3699 162 3758 ct.
177 3717 246 3778 aup.
270 3695 311 3755 ad
331 3700 404 3760 712.
447 3698 563 3758 Summi
575 3707 677 3758 tamen
694 3697 738 3756 illi
751 3705 782 3756 et
797 3695 938 3774 exquisiti
954 3692 1086 3751 honorae
1098 3690 1164 3748 Ro-
1194 3763 1197 3770 Ι

53 3797 104 3838 uae
120 3793 150 3842 et
167 3782 290 3862 publice
312 3801 376 3842 non
396 3783 453 3846 nisi
473 3783 560 3843 aunis
583 3781 647 3848 724
666 3791 697 3841 et
717 3783 779 3848 725
797 3782 880 3842 suere
895 3776 1017 3841 decreti.
1031 3773 1093 3836 vid.
1107 3774 1163 3834 Dio

54 3861 205 3942 utero.

482 4001 528 4079 U.
557 3999 599 4080 G.
625 4005 713 4078 720.

242 4139 520 4214 [ascribentur
546 4141 645 4214 libo.
697 4139 750 4210 Μ.
772 4138 954 4209 Ameriae.

323 4285 358 4335 a.
376 4260 415 4334 0.
435 4261 495 4335 34.
553 4259 890 4356 Verginiae—37.

126 4400 171 4458 M.
183 4401 308 4461 navate
325 4409 439 4478 poeta,
464 4419 551 4478 quem
569 4397 720 4476 Vegium
734 4396 889 4454 Bucolicis
908 4404 1010 4467 notat,
1033 4394 1065 4449 in
1082 4389 1167 4466 cap-

61 4481 167 4551 Μωὶα
179 4489 310 4547 moriem.
332 4482 507 4563 Hieronym.
528 4483 639 4545 chron.
662 4481 768 4543 Euaeb.
783 4481 903 4560 Olymp.
918 4481 990 4552 186,
1006 4479 1036 4539 8.
1074 4471 1168 4532 Trahi
