<?xml version="1.0" encoding="UTF-8"?>
<!DOCTYPE html PUBLIC "-//W3C//DTD XHTML 1.0 Transitional//EN"
    "http://www.w3.org/TR/xhtml1/DTD/xhtml1-transitional.dtd">
<html xmlns="http://www.w3.org/1999/xhtml" xml:lang="en" lang="en">
 <head>
  <title>
</title>
<meta http-equiv="Content-Type" content="text/html;charset=utf-8" />
  <meta name='ocr-system' content='tesseract 3.04.00' />
  <meta name='ocr-capabilities' content='ocr_page ocr_carea ocr_par ocr_line ocrx_word'/>
</head>
<body>
  <div class='ocr_page' id='page_1' title='image "./publiusvirgiliu00virggoog/publiusvirgiliu00virggoog_0073.png"; bbox 0 0 2784 4988; ppageno 0'>
   <div class='ocr_carea' id='block_1_1' title="bbox 237 379 1012 466">
    <p class='ocr_par' dir='ltr' id='par_1_1' title="bbox 237 379 1012 466">
     <span class='ocr_line' id='line_1_1' title="bbox 237 379 1012 466; baseline -0.005 -4"><span class='ocrx_word' id='word_1_1' title='bbox 237 409 329 466; x_wconf 71' lang='lat' dir='ltr'>uu</span> <span class='ocrx_word' id='word_1_2' title='bbox 590 379 1012 460; x_wconf 82' lang='lat' dir='ltr'><strong>PRAEFATIO</strong></span> 
     </span>
    </p>
   </div>
   <div class='ocr_carea' id='block_1_2' title="bbox 235 565 1383 3266">
    <p class='ocr_par' dir='ltr' id='par_1_2' title="bbox 235 565 1383 3266">
     <span class='ocr_line' id='line_1_2' title="bbox 342 565 1362 674; baseline -0.002 -22"><span class='ocrx_word' id='word_1_3' title='bbox 342 569 476 674; x_wconf 89' lang='lat' dir='ltr'>Copiis</span> <span class='ocrx_word' id='word_1_4' title='bbox 503 567 666 668; x_wconf 86' lang='lat' dir='ltr'>criticis,</span> <span class='ocrx_word' id='word_1_5' title='bbox 707 565 817 646; x_wconf 90' lang='lat' dir='ltr'>uude</span> <span class='ocrx_word' id='word_1_6' title='bbox 842 565 937 644; x_wconf 88' lang='lat' dir='ltr'>huic</span> <span class='ocrx_word' id='word_1_7' title='bbox 956 591 1086 646; x_wconf 86' lang='lat' dir='ltr'>novae</span> <span class='ocrx_word' id='word_1_8' title='bbox 1107 567 1275 648; x_wconf 88' lang='lat' dir='ltr'>editioni</span> <span class='ocrx_word' id='word_1_9' title='bbox 1299 571 1362 650; x_wconf 93' lang='lat' dir='ltr'>ali-</span> 
     </span>
     <span class='ocr_line' id='line_1_3' title="bbox 238 669 1363 782; baseline -0.001 -28"><span class='ocrx_word' id='word_1_10' title='bbox 238 675 337 782; x_wconf 86' lang='lat' dir='ltr'><strong>quid</strong></span> <span class='ocrx_word' id='word_1_11' title='bbox 360 675 587 753; x_wconf 89' lang='lat' dir='ltr'>ornameuti</span> <span class='ocrx_word' id='word_1_12' title='bbox 607 669 832 766; x_wconf 78' lang='lat' dir='ltr'>accederet,</span> <span class='ocrx_word' id='word_1_13' title='bbox 866 696 961 749; x_wconf 92' lang='lat' dir='ltr'>usus</span> <span class='ocrx_word' id='word_1_14' title='bbox 981 697 1070 749; x_wconf 90' lang='lat' dir='ltr'>sum</span> <span class='ocrx_word' id='word_1_15' title='bbox 1091 670 1203 749; x_wconf 91' lang='lat' dir='ltr'>haud</span> <span class='ocrx_word' id='word_1_16' title='bbox 1228 689 1363 753; x_wconf 90' lang='lat' dir='ltr'>conte·</span> 
     </span>
     <span class='ocr_line' id='line_1_4' title="bbox 237 773 1363 878; baseline -0.002 -20"><span class='ocrx_word' id='word_1_17' title='bbox 237 779 435 858; x_wconf 89' lang='lat' dir='ltr'>mnendis.</span> <span class='ocrx_word' id='word_1_18' title='bbox 477 779 614 858; x_wconf 87' lang='lat' dir='ltr'>Primo</span> <span class='ocrx_word' id='word_1_19' title='bbox 632 776 801 878; x_wconf 92' lang='lat' dir='ltr'>quidem</span> <span class='ocrx_word' id='word_1_20' title='bbox 813 773 971 852; x_wconf 90' lang='lat' dir='ltr'>schedis</span> <span class='ocrx_word' id='word_1_21' title='bbox 987 781 1039 856; x_wconf 74' lang='lat' dir='ltr'>Ic</span> <span class='ocrx_word' id='word_1_22' title='bbox 1052 782 1266 878; x_wconf 72' lang='lat' dir='ltr'>Schraderi,</span> <span class='ocrx_word' id='word_1_23' title='bbox 1295 781 1363 856; x_wconf 87' lang='lat' dir='ltr'>viri</span> 
     </span>
     <span class='ocr_line' id='line_1_5' title="bbox 239 879 1363 981; baseline -0.005 -17"><span class='ocrx_word' id='word_1_24' title='bbox 239 883 474 978; x_wconf 74' lang='lat' dir='ltr'><strong>doctissimi,</strong></span> <span class='ocrx_word' id='word_1_25' title='bbox 508 883 619 960; x_wconf 90' lang='lat' dir='ltr'>cuius</span> <span class='ocrx_word' id='word_1_26' title='bbox 641 879 785 958; x_wconf 77' lang='lat' dir='ltr'>subtile</span> <span class='ocrx_word' id='word_1_27' title='bbox 810 881 852 956; x_wconf 89' lang='lat' dir='ltr'>in</span> <span class='ocrx_word' id='word_1_28' title='bbox 879 904 925 956; x_wconf 89' lang='lat' dir='ltr'>re</span> <span class='ocrx_word' id='word_1_29' title='bbox 946 879 1078 958; x_wconf 87' lang='lat' dir='ltr'>critica</span> <span class='ocrx_word' id='word_1_30' title='bbox 1097 881 1306 981; x_wconf 82' lang='lat' dir='ltr'>ingenium</span> <span class='ocrx_word' id='word_1_31' title='bbox 1321 909 1363 960; x_wconf 82' lang='lat' dir='ltr'>ex</span> 
     </span>
     <span class='ocr_line' id='line_1_6' title="bbox 236 983 1364 1086; baseline -0.003 -18"><span class='ocrx_word' id='word_1_32' title='bbox 236 985 595 1068; x_wconf 90' lang='lat' dir='ltr'>Emendationibus</span> <span class='ocrx_word' id='word_1_33' title='bbox 618 985 659 1060; x_wconf 92' lang='lat' dir='ltr'>in</span> <span class='ocrx_word' id='word_1_34' title='bbox 680 983 816 1062; x_wconf 92' lang='lat' dir='ltr'>lucem</span> <span class='ocrx_word' id='word_1_35' title='bbox 834 983 950 1060; x_wconf 88' lang='lat' dir='ltr'>editis</span> <span class='ocrx_word' id='word_1_36' title='bbox 968 998 1224 1086; x_wconf 91' lang='lat' dir='ltr'>perspectum</span> <span class='ocrx_word' id='word_1_37' title='bbox 1240 983 1364 1064; x_wconf 87' lang='lat' dir='ltr'>habe-</span> 
     </span>
     <span class='ocr_line' id='line_1_7' title="bbox 236 1087 1365 1193; baseline -0.004 -23"><span class='ocrx_word' id='word_1_38' title='bbox 236 1095 342 1172; x_wconf 88' lang='lat' dir='ltr'>bam.</span> <span class='ocrx_word' id='word_1_39' title='bbox 391 1088 566 1166; x_wconf 88' lang='lat' dir='ltr'>Schadas</span> <span class='ocrx_word' id='word_1_40' title='bbox 581 1087 664 1165; x_wconf 89' lang='lat' dir='ltr'>eius</span> <span class='ocrx_word' id='word_1_41' title='bbox 677 1087 720 1164; x_wconf 92' lang='lat' dir='ltr'>in</span> <span class='ocrx_word' id='word_1_42' title='bbox 731 1087 952 1187; x_wconf 82' lang='lat' dir='ltr'>Virgilium,</span> <span class='ocrx_word' id='word_1_43' title='bbox 978 1089 1020 1163; x_wconf 92' lang='lat' dir='ltr'>in</span> <span class='ocrx_word' id='word_1_44' title='bbox 1034 1087 1218 1165; x_wconf 85' lang='lat' dir='ltr'>auctione</span> <span class='ocrx_word' id='word_1_45' title='bbox 1231 1092 1365 1193; x_wconf 89' lang='lat' dir='ltr'>supel-</span> 
     </span>
     <span class='ocr_line' id='line_1_8' title="bbox 236 1191 1366 1296; baseline 0 -24"><span class='ocrx_word' id='word_1_46' title='bbox 236 1195 375 1274; x_wconf 90' lang='lat' dir='ltr'>lectilis</span> <span class='ocrx_word' id='word_1_47' title='bbox 389 1193 571 1272; x_wconf 83' lang='lat' dir='ltr'>librariae</span> <span class='ocrx_word' id='word_1_48' title='bbox 588 1203 809 1270; x_wconf 86' lang='lat' dir='ltr'>veneuntes</span> <span class='ocrx_word' id='word_1_49' title='bbox 823 1215 916 1268; x_wconf 89' lang='lat' dir='ltr'>cum</span> <span class='ocrx_word' id='word_1_50' title='bbox 929 1191 1009 1270; x_wconf 91' lang='lat' dir='ltr'>suis</span> <span class='ocrx_word' id='word_1_51' title='bbox 1025 1193 1148 1294; x_wconf 90' lang='lat' dir='ltr'>copiis</span> <span class='ocrx_word' id='word_1_52' title='bbox 1163 1192 1283 1271; x_wconf 85' lang='lat' dir='ltr'>buius</span> <span class='ocrx_word' id='word_1_53' title='bbox 1299 1217 1366 1296; x_wconf 87' lang='lat' dir='ltr'>ge-</span> 
     </span>
     <span class='ocr_line' id='line_1_9' title="bbox 237 1293 1366 1400; baseline 0.001 -24"><span class='ocrx_word' id='word_1_54' title='bbox 237 1301 344 1377; x_wconf 90' lang='lat' dir='ltr'>neris</span> <span class='ocrx_word' id='word_1_55' title='bbox 359 1295 508 1375; x_wconf 86' lang='lat' dir='ltr'>inferre</span> <span class='ocrx_word' id='word_1_56' title='bbox 525 1308 680 1400; x_wconf 90' lang='lat' dir='ltr'>posset,</span> <span class='ocrx_word' id='word_1_57' title='bbox 703 1295 843 1372; x_wconf 90' lang='lat' dir='ltr'>maluit</span> <span class='ocrx_word' id='word_1_58' title='bbox 861 1293 999 1372; x_wconf 91' lang='lat' dir='ltr'>usibus</span> <span class='ocrx_word' id='word_1_59' title='bbox 1014 1297 1117 1372; x_wconf 91' lang='lat' dir='ltr'>meis</span> <span class='ocrx_word' id='word_1_60' title='bbox 1131 1300 1366 1398; x_wconf 85' lang='lat' dir='ltr'>permittere</span> 
     </span>
     <span class='ocr_line' id='line_1_10' title="bbox 237 1399 1368 1502; baseline 0.001 -22"><span class='ocrx_word' id='word_1_61' title='bbox 237 1405 296 1480; x_wconf 86' lang='lat' dir='ltr'>vir</span> <span class='ocrx_word' id='word_1_62' title='bbox 312 1402 620 1480; x_wconf 90' lang='lat' dir='ltr'>humanissimus</span> <span class='ocrx_word' id='word_1_63' title='bbox 644 1413 684 1475; x_wconf 90' lang='lat' dir='ltr'>et</span> <span class='ocrx_word' id='word_1_64' title='bbox 702 1399 977 1497; x_wconf 87' lang='lat' dir='ltr'>amicissimus,</span> <span class='ocrx_word' id='word_1_65' title='bbox 1003 1407 1115 1480; x_wconf 69' lang='lat' dir='ltr'>Lato.</span> <span class='ocrx_word' id='word_1_66' title='bbox 1129 1431 1201 1478; x_wconf 81' lang='lat' dir='ltr'>oon</span> <span class='ocrx_word' id='word_1_67' title='bbox 1216 1409 1368 1502; x_wconf 73' lang='lat' dir='ltr'>Santra,</span> 
     </span>
     <span class='ocr_line' id='line_1_11' title="bbox 236 1501 1368 1606; baseline -0.001 -21"><span class='ocrx_word' id='word_1_68' title='bbox 236 1512 336 1588; x_wconf 92' lang='lat' dir='ltr'><strong>1.··v.</strong></span> <span class='ocrx_word' id='word_1_69' title='bbox 362 1509 430 1600; x_wconf 88' lang='lat' dir='ltr'>D.;</span> <span class='ocrx_word' id='word_1_70' title='bbox 464 1529 529 1583; x_wconf 90' lang='lat' dir='ltr'>eas</span> <span class='ocrx_word' id='word_1_71' title='bbox 552 1506 687 1606; x_wconf 90' lang='lat' dir='ltr'>itaque</span> <span class='ocrx_word' id='word_1_72' title='bbox 707 1504 749 1579; x_wconf 92' lang='lat' dir='ltr'>in</span> <span class='ocrx_word' id='word_1_73' title='bbox 771 1501 1019 1580; x_wconf 83' lang='lat' dir='ltr'>Bibliotheca</span> <span class='ocrx_word' id='word_1_74' title='bbox 1048 1517 1183 1580; x_wconf 92' lang='lat' dir='ltr'>nostra</span> <span class='ocrx_word' id='word_1_75' title='bbox 1211 1507 1368 1584; x_wconf 82' lang='lat' dir='ltr'>Acade-</span> 
     </span>
     <span class='ocr_line' id='line_1_12' title="bbox 236 1605 1369 1710; baseline 0.002 -23"><span class='ocrx_word' id='word_1_76' title='bbox 236 1613 340 1687; x_wconf 91' lang='lat' dir='ltr'>mica</span> <span class='ocrx_word' id='word_1_77' title='bbox 356 1610 529 1710; x_wconf 91' lang='lat' dir='ltr'>reposui.</span> <span class='ocrx_word' id='word_1_78' title='bbox 575 1610 755 1709; x_wconf 90' lang='lat' dir='ltr'>Operam</span> <span class='ocrx_word' id='word_1_79' title='bbox 768 1605 1039 1684; x_wconf 89' lang='lat' dir='ltr'>adhibendam</span> <span class='ocrx_word' id='word_1_80' title='bbox 1053 1631 1140 1685; x_wconf 91' lang='lat' dir='ltr'>esse</span> <span class='ocrx_word' id='word_1_81' title='bbox 1153 1609 1234 1686; x_wconf 81' lang='lat' dir='ltr'>ridi</span> <span class='ocrx_word' id='word_1_82' title='bbox 1248 1611 1369 1688; x_wconf 85' lang='lat' dir='ltr'>valde</span> 
     </span>
     <span class='ocr_line' id='line_1_13' title="bbox 236 1709 1369 1818; baseline 0.002 -28"><span class='ocrx_word' id='word_1_83' title='bbox 236 1712 449 1790; x_wconf 88' lang='lat' dir='ltr'>molestam</span> <span class='ocrx_word' id='word_1_84' title='bbox 464 1736 508 1790; x_wconf 92' lang='lat' dir='ltr'>ac</span> <span class='ocrx_word' id='word_1_85' title='bbox 523 1709 730 1787; x_wconf 86' lang='lat' dir='ltr'>difficilem</span> <span class='ocrx_word' id='word_1_86' title='bbox 747 1709 979 1787; x_wconf 85' lang='lat' dir='ltr'>extricandis</span> <span class='ocrx_word' id='word_1_87' title='bbox 993 1713 1233 1811; x_wconf 86' lang='lat' dir='ltr'>innumeris,</span> <span class='ocrx_word' id='word_1_88' title='bbox 1261 1741 1369 1818; x_wconf 89' lang='lat' dir='ltr'>quae</span> 
     </span>
     <span class='ocr_line' id='line_1_14' title="bbox 237 1813 1371 1916; baseline 0.003 -22"><span class='ocrx_word' id='word_1_89' title='bbox 237 1820 278 1894; x_wconf 90' lang='lat' dir='ltr'>in</span> <span class='ocrx_word' id='word_1_90' title='bbox 292 1815 469 1894; x_wconf 90' lang='lat' dir='ltr'>chartam</span> <span class='ocrx_word' id='word_1_91' title='bbox 485 1815 718 1912; x_wconf 83' lang='lat' dir='ltr'>coniecerat,</span> <span class='ocrx_word' id='word_1_92' title='bbox 734 1813 864 1890; x_wconf 92' lang='lat' dir='ltr'>modo</span> <span class='ocrx_word' id='word_1_93' title='bbox 877 1815 1100 1892; x_wconf 88' lang='lat' dir='ltr'>memoriae</span> <span class='ocrx_word' id='word_1_94' title='bbox 1115 1841 1260 1916; x_wconf 86' lang='lat' dir='ltr'>caussa,</span> <span class='ocrx_word' id='word_1_95' title='bbox 1274 1845 1371 1897; x_wconf 87' lang='lat' dir='ltr'>rno-</span> 
     </span>
     <span class='ocr_line' id='line_1_15' title="bbox 238 1916 1372 2023; baseline 0.002 -24"><span class='ocrx_word' id='word_1_96' title='bbox 238 1922 293 1999; x_wconf 93' lang='lat' dir='ltr'>do</span> <span class='ocrx_word' id='word_1_97' title='bbox 312 1935 359 1998; x_wconf 94' lang='lat' dir='ltr'>ut</span> <span class='ocrx_word' id='word_1_98' title='bbox 377 1921 483 1997; x_wconf 84' lang='lat' dir='ltr'>varia</span> <span class='ocrx_word' id='word_1_99' title='bbox 507 1931 698 2015; x_wconf 90' lang='lat' dir='ltr'>tentaret,</span> <span class='ocrx_word' id='word_1_100' title='bbox 734 1916 897 1994; x_wconf 90' lang='lat' dir='ltr'>diversis</span> <span class='ocrx_word' id='word_1_101' title='bbox 928 1919 1094 2022; x_wconf 90' lang='lat' dir='ltr'>quidem</span> <span class='ocrx_word' id='word_1_102' title='bbox 1113 1925 1372 2023; x_wconf 88' lang='lat' dir='ltr'>temporibus</span> 
     </span>
     <span class='ocr_line' id='line_1_16' title="bbox 236 2023 1372 2127; baseline 0.001 -24"><span class='ocrx_word' id='word_1_103' title='bbox 236 2025 495 2127; x_wconf 88' lang='lat' dir='ltr'>repetitisque</span> <span class='ocrx_word' id='word_1_104' title='bbox 507 2023 675 2120; x_wconf 90' lang='lat' dir='ltr'>vicibus,</span> <span class='ocrx_word' id='word_1_105' title='bbox 700 2033 747 2096; x_wconf 92' lang='lat' dir='ltr'>ut</span> <span class='ocrx_word' id='word_1_106' title='bbox 761 2023 1011 2124; x_wconf 84' lang='lat' dir='ltr'>exquirerem</span> <span class='ocrx_word' id='word_1_107' title='bbox 1025 2047 1070 2099; x_wconf 91' lang='lat' dir='ltr'>ac</span> <span class='ocrx_word' id='word_1_108' title='bbox 1082 2023 1301 2123; x_wconf 89' lang='lat' dir='ltr'>seligerem</span> <span class='ocrx_word' id='word_1_109' title='bbox 1317 2029 1372 2120; x_wconf 79' lang='lat' dir='ltr'>id,</span> 
     </span>
     <span class='ocr_line' id='line_1_17' title="bbox 238 2125 1373 2234; baseline 0.004 -30"><span class='ocrx_word' id='word_1_110' title='bbox 238 2127 351 2234; x_wconf 90' lang='lat' dir='ltr'>quod</span> <span class='ocrx_word' id='word_1_111' title='bbox 373 2127 433 2204; x_wconf 79' lang='lat' dir='ltr'>vir</span> <span class='ocrx_word' id='word_1_112' title='bbox 455 2125 706 2204; x_wconf 87' lang='lat' dir='ltr'>doctissimus</span> <span class='ocrx_word' id='word_1_113' title='bbox 731 2125 971 2226; x_wconf 87' lang='lat' dir='ltr'>probaturus</span> <span class='ocrx_word' id='word_1_114' title='bbox 994 2125 1133 2204; x_wconf 87' lang='lat' dir='ltr'>fuisset</span> <span class='ocrx_word' id='word_1_115' title='bbox 1154 2130 1239 2230; x_wconf 86' lang='lat' dir='ltr'>ipse</span> <span class='ocrx_word' id='word_1_116' title='bbox 1264 2136 1373 2209; x_wconf 90' lang='lat' dir='ltr'>etin</span> 
     </span>
     <span class='ocr_line' id='line_1_18' title="bbox 236 2229 1374 2335; baseline 0.004 -27"><span class='ocrx_word' id='word_1_117' title='bbox 236 2233 369 2309; x_wconf 91' lang='lat' dir='ltr'>lucem</span> <span class='ocrx_word' id='word_1_118' title='bbox 383 2229 630 2335; x_wconf 82' lang='lat' dir='ltr'>proditurus:</span> <span class='ocrx_word' id='word_1_119' title='bbox 657 2229 822 2306; x_wconf 90' lang='lat' dir='ltr'>iniurius</span> <span class='ocrx_word' id='word_1_120' title='bbox 838 2231 948 2308; x_wconf 88' lang='lat' dir='ltr'>euim</span> <span class='ocrx_word' id='word_1_121' title='bbox 962 2233 1066 2308; x_wconf 81' lang='lat' dir='ltr'>esset</span> <span class='ocrx_word' id='word_1_122' title='bbox 1079 2231 1121 2306; x_wconf 91' lang='lat' dir='ltr'>in</span> <span class='ocrx_word' id='word_1_123' title='bbox 1135 2237 1279 2310; x_wconf 90' lang='lat' dir='ltr'>Manes</span> <span class='ocrx_word' id='word_1_124' title='bbox 1299 2239 1374 2312; x_wconf 86' lang='lat' dir='ltr'>viri</span> 
     </span>
     <span class='ocr_line' id='line_1_19' title="bbox 238 2333 1376 2438; baseline 0.005 -25"><span class='ocrx_word' id='word_1_125' title='bbox 238 2335 364 2432; x_wconf 89' lang='lat' dir='ltr'>docti,</span> <span class='ocrx_word' id='word_1_126' title='bbox 400 2336 469 2438; x_wconf 93' lang='lat' dir='ltr'>qui</span> <span class='ocrx_word' id='word_1_127' title='bbox 492 2335 627 2412; x_wconf 89' lang='lat' dir='ltr'>omnia</span> <span class='ocrx_word' id='word_1_128' title='bbox 650 2335 734 2412; x_wconf 92' lang='lat' dir='ltr'>eius</span> <span class='ocrx_word' id='word_1_129' title='bbox 752 2333 942 2410; x_wconf 89' lang='lat' dir='ltr'>meditata</span> <span class='ocrx_word' id='word_1_130' title='bbox 965 2335 1125 2436; x_wconf 85' lang='lat' dir='ltr'>vulgare</span> <span class='ocrx_word' id='word_1_131' title='bbox 1144 2359 1191 2413; x_wconf 86' lang='lat' dir='ltr'>ex</span> <span class='ocrx_word' id='word_1_132' title='bbox 1205 2339 1376 2418; x_wconf 90' lang='lat' dir='ltr'>schedis</span> 
     </span>
     <span class='ocr_line' id='line_1_20' title="bbox 236 2437 1377 2544; baseline 0.004 -27"><span class='ocrx_word' id='word_1_133' title='bbox 236 2440 433 2542; x_wconf 91' lang='lat' dir='ltr'>postumis</span> <span class='ocrx_word' id='word_1_134' title='bbox 454 2437 583 2516; x_wconf 82' lang='lat' dir='ltr'>vellet.</span> <span class='ocrx_word' id='word_1_135' title='bbox 635 2437 814 2539; x_wconf 84' lang='lat' dir='ltr'>Apposui</span> <span class='ocrx_word' id='word_1_136' title='bbox 833 2437 953 2536; x_wconf 91' lang='lat' dir='ltr'>igitur</span> <span class='ocrx_word' id='word_1_137' title='bbox 965 2438 1049 2536; x_wconf 90' lang='lat' dir='ltr'>illa,</span> <span class='ocrx_word' id='word_1_138' title='bbox 1080 2440 1122 2515; x_wconf 92' lang='lat' dir='ltr'>in</span> <span class='ocrx_word' id='word_1_139' title='bbox 1143 2442 1295 2544; x_wconf 91' lang='lat' dir='ltr'>quibus</span> <span class='ocrx_word' id='word_1_140' title='bbox 1311 2447 1377 2521; x_wconf 91' lang='lat' dir='ltr'>in-</span> 
     </span>
     <span class='ocr_line' id='line_1_21' title="bbox 236 2539 1379 2651; baseline 0.005 -31"><span class='ocrx_word' id='word_1_141' title='bbox 236 2542 343 2643; x_wconf 90' lang='lat' dir='ltr'>genii</span> <span class='ocrx_word' id='word_1_142' title='bbox 366 2559 535 2620; x_wconf 86' lang='lat' dir='ltr'>acumen</span> <span class='ocrx_word' id='word_1_143' title='bbox 552 2555 593 2618; x_wconf 91' lang='lat' dir='ltr'>et</span> <span class='ocrx_word' id='word_1_144' title='bbox 608 2541 788 2644; x_wconf 90' lang='lat' dir='ltr'>poeticae</span> <span class='ocrx_word' id='word_1_145' title='bbox 810 2539 1025 2640; x_wconf 87' lang='lat' dir='ltr'>elegantiae</span> <span class='ocrx_word' id='word_1_146' title='bbox 1040 2565 1202 2621; x_wconf 73' lang='lat' dir='ltr'>seusiam</span> <span class='ocrx_word' id='word_1_147' title='bbox 1217 2545 1379 2651; x_wconf 91' lang='lat' dir='ltr'>depre-</span> 
     </span>
     <span class='ocr_line' id='line_1_22' title="bbox 237 2645 1378 2750; baseline 0.004 -26"><span class='ocrx_word' id='word_1_148' title='bbox 237 2647 420 2726; x_wconf 89' lang='lat' dir='ltr'>hendere</span> <span class='ocrx_word' id='word_1_149' title='bbox 446 2645 546 2722; x_wconf 88' lang='lat' dir='ltr'>mihi</span> <span class='ocrx_word' id='word_1_150' title='bbox 570 2645 749 2743; x_wconf 85' lang='lat' dir='ltr'>viderer,</span> <span class='ocrx_word' id='word_1_151' title='bbox 782 2645 977 2750; x_wconf 89' lang='lat' dir='ltr'>nequid,</span> <span class='ocrx_word' id='word_1_152' title='bbox 1075 2647 1137 2724; x_wconf 90' lang='lat' dir='ltr'>od·</span> <span class='ocrx_word' id='word_1_153' title='bbox 1164 2648 1378 2730; x_wconf 85' lang='lat' dir='ltr'>delectare</span> 
     </span>
     <span class='ocr_line' id='line_1_23' title="bbox 236 2749 1380 2856; baseline 0.003 -27"><span class='ocrx_word' id='word_1_154' title='bbox 236 2766 389 2856; x_wconf 91' lang='lat' dir='ltr'>posset,</span> <span class='ocrx_word' id='word_1_155' title='bbox 423 2749 577 2828; x_wconf 86' lang='lat' dir='ltr'>arbitris</span> <span class='ocrx_word' id='word_1_156' title='bbox 604 2749 749 2825; x_wconf 92' lang='lat' dir='ltr'>harum</span> <span class='ocrx_word' id='word_1_157' title='bbox 775 2773 914 2826; x_wconf 90' lang='lat' dir='ltr'>rerum</span> <span class='ocrx_word' id='word_1_158' title='bbox 948 2751 1027 2826; x_wconf 89' lang='lat' dir='ltr'>invi</span> <span class='ocrx_word' id='word_1_159' title='bbox 1059 2775 1189 2849; x_wconf 88' lang='lat' dir='ltr'>erem,</span> <span class='ocrx_word' id='word_1_160' title='bbox 1222 2759 1380 2834; x_wconf 89' lang='lat' dir='ltr'>necin</span> 
     </span>
     <span class='ocr_line' id='line_1_24' title="bbox 237 2853 1382 2954; baseline 0.003 -20"><span class='ocrx_word' id='word_1_161' title='bbox 237 2879 392 2934; x_wconf 86' lang='lat' dir='ltr'>cassum</span> <span class='ocrx_word' id='word_1_162' title='bbox 415 2869 477 2932; x_wconf 96' lang='lat' dir='ltr'>tot</span> <span class='ocrx_word' id='word_1_163' title='bbox 496 2853 568 2930; x_wconf 89' lang='lat' dir='ltr'>viri</span> <span class='ocrx_word' id='word_1_164' title='bbox 585 2853 692 2930; x_wconf 92' lang='lat' dir='ltr'>docti</span> <span class='ocrx_word' id='word_1_165' title='bbox 715 2866 880 2929; x_wconf 89' lang='lat' dir='ltr'>conatus</span> <span class='ocrx_word' id='word_1_166' title='bbox 896 2855 1044 2954; x_wconf 91' lang='lat' dir='ltr'>ingenii</span> <span class='ocrx_word' id='word_1_167' title='bbox 1055 2855 1235 2933; x_wconf 85' lang='lat' dir='ltr'>recidere</span> <span class='ocrx_word' id='word_1_168' title='bbox 1288 2875 1382 2937; x_wconf 90' lang='lat' dir='ltr'>ate-</span> 
     </span>
     <span class='ocr_line' id='line_1_25' title="bbox 235 2886 1383 3062; baseline 0.005 -27"><span class='ocrx_word' id='word_1_169' title='bbox 235 2985 313 3040; x_wconf 90' lang='lat' dir='ltr'>rer.</span> <span class='ocrx_word' id='word_1_170' title='bbox 345 2959 442 3056; x_wconf 88' lang='lat' dir='ltr'>Alia,</span> <span class='ocrx_word' id='word_1_171' title='bbox 469 2979 572 3062; x_wconf 89' lang='lat' dir='ltr'>quae</span> <span class='ocrx_word' id='word_1_172' title='bbox 587 2955 732 3033; x_wconf 87' lang='lat' dir='ltr'>frustra</span> <span class='ocrx_word' id='word_1_173' title='bbox 746 2971 895 3034; x_wconf 83' lang='lat' dir='ltr'>tentata</span> <span class='ocrx_word' id='word_1_174' title='bbox 911 2983 998 3036; x_wconf 79' lang='lat' dir='ltr'>esce</span> <span class='ocrx_word' id='word_1_175' title='bbox 1011 2958 1203 3056; x_wconf 89' lang='lat' dir='ltr'>viderem,</span> <span class='ocrx_word' id='word_1_176' title='bbox 1220 2886 1383 3042; x_wconf 68' lang='lat' dir='ltr'>sdtem</span> 
     </span>
     <span class='ocr_line' id='line_1_26' title="bbox 235 3060 1383 3162; baseline 0.007 -24"><span class='ocrx_word' id='word_1_177' title='bbox 235 3062 446 3138; x_wconf 85' lang='lat' dir='ltr'>utilitatem</span> <span class='ocrx_word' id='word_1_178' title='bbox 474 3060 576 3136; x_wconf 86' lang='lat' dir='ltr'>mihi</span> <span class='ocrx_word' id='word_1_179' title='bbox 607 3061 891 3162; x_wconf 89' lang='lat' dir='ltr'>praestiterunt</span> <span class='ocrx_word' id='word_1_180' title='bbox 923 3061 1046 3162; x_wconf 87' lang='lat' dir='ltr'>hanc,</span> <span class='ocrx_word' id='word_1_181' title='bbox 1085 3079 1132 3142; x_wconf 92' lang='lat' dir='ltr'>ut</span> <span class='ocrx_word' id='word_1_182' title='bbox 1158 3066 1383 3146; x_wconf 89' lang='lat' dir='ltr'>interdum</span> 
     </span>
     <span class='ocr_line' id='line_1_27' title="bbox 235 3162 1383 3266; baseline 0.01 -27"><span class='ocrx_word' id='word_1_183' title='bbox 235 3164 455 3262; x_wconf 81' lang='lat' dir='ltr'>vulgatam,</span> <span class='ocrx_word' id='word_1_184' title='bbox 479 3162 607 3239; x_wconf 91' lang='lat' dir='ltr'>modo</span> <span class='ocrx_word' id='word_1_185' title='bbox 620 3165 948 3265; x_wconf 88' lang='lat' dir='ltr'>interpretatione</span> <span class='ocrx_word' id='word_1_186' title='bbox 964 3167 1132 3266; x_wconf 89' lang='lat' dir='ltr'>adiecta,</span> <span class='ocrx_word' id='word_1_187' title='bbox 1160 3193 1255 3246; x_wconf 90' lang='lat' dir='ltr'>cum</span> <span class='ocrx_word' id='word_1_188' title='bbox 1279 3197 1383 3250; x_wconf 88' lang='lat' dir='ltr'>eam</span> 
     </span>
    </p>
   </div>
   <div class='ocr_carea' id='block_1_3' title="bbox 237 3264 1383 3374">
    <p class='ocr_par' dir='ltr' id='par_1_3' title="bbox 237 3264 1383 3374">
     <span class='ocr_line' id='line_1_28' title="bbox 237 3264 1383 3374; baseline 0.009 -31"><span class='ocrx_word' id='word_1_189' title='bbox 237 3291 258 3343; x_wconf 89' lang='lat' dir='ltr'>a</span> <span class='ocrx_word' id='word_1_190' title='bbox 276 3264 398 3342; x_wconf 92' lang='lat' dir='ltr'>docto</span> <span class='ocrx_word' id='word_1_191' title='bbox 421 3289 586 3368; x_wconf 91' lang='lat' dir='ltr'>quoque</span> <span class='ocrx_word' id='word_1_192' title='bbox 607 3268 692 3343; x_wconf 90' lang='lat' dir='ltr'>viro</span> <span class='ocrx_word' id='word_1_193' title='bbox 716 3267 821 3344; x_wconf 89' lang='lat' dir='ltr'>male</span> <span class='ocrx_word' id='word_1_194' title='bbox 837 3269 1080 3348; x_wconf 88' lang='lat' dir='ltr'>intellectam</span> <span class='ocrx_word' id='word_1_195' title='bbox 1096 3272 1300 3374; x_wconf 89' lang='lat' dir='ltr'>viderem,</span> <span class='ocrx_word' id='word_1_196' title='bbox 1334 3279 1383 3354; x_wconf 83' lang='lat' dir='ltr'>il-</span> 
     </span>
    </p>
   </div>
   <div class='ocr_carea' id='block_1_4' title="bbox 115 3367 1382 3477">
    <p class='ocr_par' dir='ltr' id='par_1_4' title="bbox 115 3367 1382 3477">
     <span class='ocr_line' id='line_1_29' title="bbox 115 3367 1382 3477; baseline 0.011 -32"><span class='ocrx_word' id='word_1_197' title='bbox 115 3439 124 3463; x_wconf 83' lang='lat'>,</span> <span class='ocrx_word' id='word_1_198' title='bbox 236 3367 503 3466; x_wconf 86' lang='lat' dir='ltr'>lustrandam,</span> <span class='ocrx_word' id='word_1_199' title='bbox 528 3369 657 3447; x_wconf 92' lang='lat' dir='ltr'>modo</span> <span class='ocrx_word' id='word_1_200' title='bbox 672 3395 748 3448; x_wconf 90' lang='lat' dir='ltr'>usu</span> <span class='ocrx_word' id='word_1_201' title='bbox 761 3375 921 3473; x_wconf 92' lang='lat' dir='ltr'>poetico</span> <span class='ocrx_word' id='word_1_202' title='bbox 935 3376 1105 3477; x_wconf 88' lang='lat' dir='ltr'>probato</span> <span class='ocrx_word' id='word_1_203' title='bbox 1122 3375 1382 3458; x_wconf 89' lang='lat' dir='ltr'>firmandam</span> 
     </span>
    </p>
   </div>
   <div class='ocr_carea' id='block_1_5' title="bbox 138 3471 1382 4310">
    <p class='ocr_par' dir='ltr' id='par_1_5' title="bbox 138 3471 1382 4310">
     <span class='ocr_line' id='line_1_30' title="bbox 236 3471 1382 3581; baseline 0.01 -29"><span class='ocrx_word' id='word_1_204' title='bbox 236 3499 322 3552; x_wconf 85' lang='lat' dir='ltr'>esse</span> <span class='ocrx_word' id='word_1_205' title='bbox 346 3471 622 3572; x_wconf 87' lang='lat' dir='ltr'>intelligerem.</span> <span class='ocrx_word' id='word_1_206' title='bbox 679 3473 808 3552; x_wconf 86' lang='lat' dir='ltr'>Aliam</span> <span class='ocrx_word' id='word_1_207' title='bbox 837 3479 1061 3576; x_wconf 88' lang='lat' dir='ltr'>symbolam</span> <span class='ocrx_word' id='word_1_208' title='bbox 1088 3494 1200 3581; x_wconf 88' lang='lat' dir='ltr'>grato</span> <span class='ocrx_word' id='word_1_209' title='bbox 1225 3485 1382 3564; x_wconf 88' lang='lat' dir='ltr'>animo</span> 
     </span>
     <span class='ocr_line' id='line_1_31' title="bbox 138 3577 1382 3688; baseline 0.01 -33"><span class='ocrx_word' id='word_1_210' title='bbox 138 3589 155 3604; x_wconf 83' lang='lat'><strong><em>‘</em></strong></span> <span class='ocrx_word' id='word_1_211' title='bbox 236 3579 369 3680; x_wconf 90' lang='lat' dir='ltr'>accepi</span> <span class='ocrx_word' id='word_1_212' title='bbox 386 3603 405 3654; x_wconf 90' lang='lat' dir='ltr'>a</span> <span class='ocrx_word' id='word_1_213' title='bbox 421 3579 519 3658; x_wconf 92' lang='lat' dir='ltr'>Viro</span> <span class='ocrx_word' id='word_1_214' title='bbox 542 3577 772 3655; x_wconf 81' lang='lat' dir='ltr'>doctissimo</span> <span class='ocrx_word' id='word_1_215' title='bbox 796 3586 931 3658; x_wconf 80' lang='lat' dir='ltr'>Iacobo</span> <span class='ocrx_word' id='word_1_216' title='bbox 946 3587 1104 3684; x_wconf 76' lang='lat' dir='ltr'>Bryant,</span> <span class='ocrx_word' id='word_1_217' title='bbox 1133 3586 1201 3688; x_wconf 92' lang='lat' dir='ltr'>qui</span> <span class='ocrx_word' id='word_1_218' title='bbox 1217 3585 1382 3668; x_wconf 89' lang='lat' dir='ltr'>huma-</span> 
     </span>
     <span class='ocr_line' id='line_1_32' title="bbox 235 3683 1382 3790; baseline 0.015 -33"><span class='ocrx_word' id='word_1_219' title='bbox 235 3683 357 3767; x_wconf 86' lang='lat' dir='ltr'>nitate</span> <span class='ocrx_word' id='word_1_220' title='bbox 380 3696 421 3759; x_wconf 91' lang='lat' dir='ltr'>et</span> <span class='ocrx_word' id='word_1_221' title='bbox 434 3707 571 3758; x_wconf 92' lang='lat' dir='ltr'>amore</span> <span class='ocrx_word' id='word_1_222' title='bbox 584 3705 657 3759; x_wconf 90' lang='lat' dir='ltr'>suo</span> <span class='ocrx_word' id='word_1_223' title='bbox 673 3683 861 3761; x_wconf 90' lang='lat' dir='ltr'>ad&#39;omne</span> <span class='ocrx_word' id='word_1_224' title='bbox 879 3683 1003 3763; x_wconf 88' lang='lat' dir='ltr'>officii</span> <span class='ocrx_word' id='word_1_225' title='bbox 1024 3712 1150 3787; x_wconf 86' lang='lat' dir='ltr'>genus</span> <span class='ocrx_word' id='word_1_226' title='bbox 1166 3713 1382 3790; x_wconf 86' lang='lat' dir='ltr'>provoca·</span> 
     </span>
     <span class='ocr_line' id='line_1_33' title="bbox 236 3785 1382 3894; baseline 0.017 -35"><span class='ocrx_word' id='word_1_227' title='bbox 236 3785 291 3859; x_wconf 86' lang='lat' dir='ltr'>vit</span> <span class='ocrx_word' id='word_1_228' title='bbox 304 3809 394 3882; x_wconf 77' lang='lat' dir='ltr'>me3</span> <span class='ocrx_word' id='word_1_229' title='bbox 421 3787 529 3862; x_wconf 88' lang='lat' dir='ltr'>misit</span> <span class='ocrx_word' id='word_1_230' title='bbox 553 3785 664 3862; x_wconf 87' lang='lat' dir='ltr'>idem</span> <span class='ocrx_word' id='word_1_231' title='bbox 687 3787 823 3866; x_wconf 89' lang='lat' dir='ltr'>adme</span> <span class='ocrx_word' id='word_1_232' title='bbox 842 3794 1042 3870; x_wconf 80' lang='lat' dir='ltr'>Stricturae</span> <span class='ocrx_word' id='word_1_233' title='bbox 1061 3801 1098 3868; x_wconf 79' lang='lat' dir='ltr'>in</span> <span class='ocrx_word' id='word_1_234' title='bbox 1120 3799 1272 3894; x_wconf 68' lang='lat' dir='ltr'>Vergilii</span> <span class='ocrx_word' id='word_1_235' title='bbox 1290 3805 1382 3878; x_wconf 76' lang='lat' dir='ltr'>loc&lt;</span> 
     </span>
     <span class='ocr_line' id='line_1_34' title="bbox 236 3891 1382 3998; baseline 0.016 -35"><span class='ocrx_word' id='word_1_236' title='bbox 236 3911 287 3964; x_wconf 90' lang='lat' dir='ltr'>eo</span> <span class='ocrx_word' id='word_1_237' title='bbox 305 3913 397 3964; x_wconf 91' lang='lat' dir='ltr'>cum</span> <span class='ocrx_word' id='word_1_238' title='bbox 413 3891 595 3966; x_wconf 88' lang='lat' dir='ltr'>acumine</span> <span class='ocrx_word' id='word_1_239' title='bbox 613 3903 653 3967; x_wconf 88' lang='lat' dir='ltr'>et</span> <span class='ocrx_word' id='word_1_240' title='bbox 666 3893 904 3993; x_wconf 90' lang='lat' dir='ltr'>perspicacia</span> <span class='ocrx_word' id='word_1_241' title='bbox 918 3897 1091 3998; x_wconf 89' lang='lat' dir='ltr'>scriptas,</span> <span class='ocrx_word' id='word_1_242' title='bbox 1125 3911 1172 3973; x_wconf 92' lang='lat' dir='ltr'>ut</span> <span class='ocrx_word' id='word_1_243' title='bbox 1197 3899 1239 3973; x_wconf 91' lang='lat' dir='ltr'>in</span> <span class='ocrx_word' id='word_1_244' title='bbox 1256 3905 1382 3982; x_wconf 69' lang='lat' dir='ltr'>mul⁴</span> 
     </span>
     <span class='ocr_line' id='line_1_35' title="bbox 233 3991 1382 4102; baseline 0.017 -36"><span class='ocrx_word' id='word_1_245' title='bbox 233 3991 284 4068; x_wconf 87' lang='lat' dir='ltr'>tis</span> <span class='ocrx_word' id='word_1_246' title='bbox 306 3991 343 4067; x_wconf 89' lang='lat' dir='ltr'>ei</span> <span class='ocrx_word' id='word_1_247' title='bbox 372 3992 698 4096; x_wconf 88' lang='lat' dir='ltr'>adstipulandum</span> <span class='ocrx_word' id='word_1_248' title='bbox 724 4019 809 4074; x_wconf 89' lang='lat' dir='ltr'>esse</span> <span class='ocrx_word' id='word_1_249' title='bbox 837 3995 1036 4094; x_wconf 87' lang='lat' dir='ltr'>viderem,</span> <span class='ocrx_word' id='word_1_250' title='bbox 1054 3999 1111 4076; x_wconf 75' lang='lat' dir='ltr'>&#39;in</span> <span class='ocrx_word' id='word_1_251' title='bbox 1133 3999 1233 4102; x_wconf 86' lang='lat' dir='ltr'>aliis,</span> <span class='ocrx_word' id='word_1_252' title='bbox 1272 4030 1382 4086; x_wconf 85' lang='lat' dir='ltr'>cun</span> 
     </span>
     <span class='ocr_line' id='line_1_36' title="bbox 235 4091 1382 4205; baseline 0.02 -35"><span class='ocrx_word' id='word_1_253' title='bbox 235 4091 382 4171; x_wconf 91' lang='lat' dir='ltr'>iudicio</span> <span class='ocrx_word' id='word_1_254' title='bbox 401 4121 509 4202; x_wconf 40' lang='lat' dir='ltr'>meo·</span> <span class='ocrx_word' id='word_1_255' title='bbox 520 4096 712 4175; x_wconf 89' lang='lat' dir='ltr'>dilectum</span> <span class='ocrx_word' id='word_1_256' title='bbox 729 4125 933 4204; x_wconf 90' lang='lat' dir='ltr'>usumque</span> <span class='ocrx_word' id='word_1_257' title='bbox 949 4103 1214 4205; x_wconf 88' lang='lat' dir='ltr'>relinqueret,</span> <span class='ocrx_word' id='word_1_258' title='bbox 1242 4111 1382 4192; x_wconf 85' lang='lat' dir='ltr'>etian</span> 
     </span>
     <span class='ocr_line' id='line_1_37' title="bbox 235 4199 1382 4310; baseline 0.019 -37"><span class='ocrx_word' id='word_1_259' title='bbox 235 4221 375 4275; x_wconf 90' lang='lat' dir='ltr'>meum</span> <span class='ocrx_word' id='word_1_260' title='bbox 405 4199 610 4299; x_wconf 89' lang='lat' dir='ltr'>ingenium</span> <span class='ocrx_word' id='word_1_261' title='bbox 641 4201 682 4277; x_wconf 92' lang='lat' dir='ltr'>in</span> <span class='ocrx_word' id='word_1_262' title='bbox 719 4201 980 4282; x_wconf 82' lang='lat' dir='ltr'>defendendo</span> <span class='ocrx_word' id='word_1_263' title='bbox 1019 4223 1140 4310; x_wconf 88' lang='lat' dir='ltr'>poeta</span> <span class='ocrx_word' id='word_1_264' title='bbox 1173 4209 1382 4294; x_wconf 79' lang='lat' dir='ltr'>adversm</span> 
     </span>
    </p>
   </div>
   <div class='ocr_carea' id='block_1_6' title="bbox 108 4305 1381 4406">
    <p class='ocr_par' dir='ltr' id='par_1_6' title="bbox 108 4305 1381 4406">
     <span class='ocr_line' id='line_1_38' title="bbox 108 4305 1381 4406; baseline 0.013 -31"><span class='ocrx_word' id='word_1_265' title='bbox 108 4375 112 4386; x_wconf 82' lang='grc'>,</span> <span class='ocrx_word' id='word_1_266' title='bbox 236 4325 300 4400; x_wconf 90' lang='lat' dir='ltr'>ea,</span> <span class='ocrx_word' id='word_1_267' title='bbox 333 4327 436 4406; x_wconf 89' lang='lat' dir='ltr'>quae</span> <span class='ocrx_word' id='word_1_268' title='bbox 469 4305 713 4406; x_wconf 91' lang='lat' dir='ltr'>reprehensa</span> <span class='ocrx_word' id='word_1_269' title='bbox 743 4321 893 4406; x_wconf 89' lang='lat' dir='ltr'>essent,</span> <span class='ocrx_word' id='word_1_270' title='bbox 936 4311 1023 4387; x_wconf 89' lang='lat' dir='ltr'>acui</span> <span class='ocrx_word' id='word_1_271' title='bbox 1047 4313 1250 4390; x_wconf 90' lang='lat' dir='ltr'>sentirem.</span> <span class='ocrx_word' id='word_1_272' title='bbox 1341 4325 1381 4401; x_wconf 83' lang='lat'>11</span> 
     </span>
    </p>
   </div>
   <div class='ocr_carea' id='block_1_7' title="bbox 232 4401 1381 4520">
    <p class='ocr_par' dir='ltr' id='par_1_7' title="bbox 232 4401 1381 4520">
     <span class='ocr_line' id='line_1_39' title="bbox 232 4401 1381 4520; baseline 0.023 -40"><span class='ocrx_word' id='word_1_273' title='bbox 232 4401 369 4482; x_wconf 90' lang='lat' dir='ltr'>multis</span> <span class='ocrx_word' id='word_1_274' title='bbox 401 4405 591 4486; x_wconf 89' lang='lat' dir='ltr'>iudicium</span> <span class='ocrx_word' id='word_1_275' title='bbox 626 4409 699 4485; x_wconf 87' lang='lat' dir='ltr'>viri</span> <span class='ocrx_word' id='word_1_276' title='bbox 731 4410 876 4489; x_wconf 90' lang='lat' dir='ltr'>subtile</span> <span class='ocrx_word' id='word_1_277' title='bbox 910 4414 991 4492; x_wconf 93' lang='lat' dir='ltr'>iam</span> <span class='ocrx_word' id='word_1_278' title='bbox 1026 4415 1068 4492; x_wconf 91' lang='lat' dir='ltr'>in</span> <span class='ocrx_word' id='word_1_279' title='bbox 1101 4416 1239 4520; x_wconf 89' lang='lat' dir='ltr'>priore</span> <span class='ocrx_word' id='word_1_280' title='bbox 1281 4426 1381 4506; x_wconf 86' lang='lat' dir='ltr'>edi</span> 
     </span>
    </p>
   </div>
   <div class='ocr_carea' id='block_1_8' title="bbox 0 0 1396 4988">
    <p class='ocr_par' dir='ltr' id='par_1_8' title="bbox 0 0 1396 4988">
     <span class='ocr_line' id='line_1_40' title="bbox 0 0 1396 4988; baseline 0 0"><span class='ocrx_word' id='word_1_281' title='bbox 0 0 1396 4988; x_wconf 95' lang='lat' dir='ltr'> </span> 
     </span>
    </p>
   </div>
  </div>
 </body>
</html>
