2606 5008
354 362 414 440 IN
441 360 751 443 GEORGICA
1036 365 1115 454 275.

33 571 92 622 non
110 547 145 622 in
167 559 309 622 vastam
330 547 588 626 solitudinem
612 564 695 626 erat
715 549 891 642 redacta3
925 553 1112 648 veterani,

33 653 211 752 interquos
225 651 304 749 agri
321 649 480 728 fuerant
495 653 634 750 divisi,
651 653 699 730 ab
719 653 850 753 operis
870 653 1004 728 rustici
1021 679 1112 732 mo-

32 751 119 828 lestiis
132 767 167 829 et
178 756 376 830 aemmnis
396 753 612 833 tolerandis
633 757 876 837 alienissimis
897 770 1008 832 erant
1029 759 1112 834 ani-

32 859 97 946 nis;
119 854 303 934 frumenti
317 859 451 961 inopia
465 860 513 935 ab
528 884 633 936 anno
647 860 743 936 inde
756 861 957 937 DCCXIII·
970 884 1112 959 magna

31 959 144 1034 ltaliam
161 957 265 1037 same
284 959 493 1056 'afflixerat3
529 959 703 1040 carmine
726 965 879 1142 impie,
907 987 995 1064 quo,
1010 965 1111 1044 vitae

30 1065 157 1140 usticae
182 1065 289 1141 bona
314 1066 715 1164 commendarentur,
750 1065 801 1142 de
819 1066 937 1141 initos
959 1067 1112 1144 animos

31 1163 63 1240 ad
76 1167 382 1264 agricolationem
407 1169 550 1246 adduci
568 1195 703 1271 posse,
739 1169 936 1246 censuisse
954 1172 1112 1247 Maece-

31 1283 136 1349 natem.
192 1271 519 1350 Fundamentum
557 1286 693 1350 tamen
732 1274 983 1349 coniecturae
1023 1273 1112 1354 ido-

30 1395 117 1448 neum
147 1398 227 1451 non
260 1379 449 1478 apparet;
484 1378 582 1478 quin
609 1402 655 1453 ea
681 1401 756 1454 nec
783 1378 872 1452 satis
897 1375 1112 1476 probabilis

8 1473 263 1576 recudetur,
294 1505 386 1556 eum
406 1481 569 1556 carmini
583 1481 780 1558 maiorem
791 1481 890 1576 vim,
914 1479 1113 1556 maiorem

30 1577 112 1654 etiam
128 1581 414 1681 celebritatem,
449 1583 618 1682 tribuat,
653 1609 777 1686 quam
801 1584 906 1659 inter
925 1581 1112 1660 homines

29 1679 184 1781 indoctos,
211 1683 388 1782 feroces,
416 1712 490 1787 per
503 1685 787 1790 bellorumque
805 1685 976 1762 civilium
989 1684 1112 1762 licen-

29 1783 91 1861 tiam
111 1789 249 1890 rapinis
280 1789 390 1866 caedi
419 1816 471 1867 ue
494 1790 698 1888 adsuetos,
734 1789 816 1868 ullo
838 1789 964 1865 modo
993 1814 1108 1893 expe·

29 1891 91 1962 dari
103 1894 226 1990 possit
282 1897 370 1969 Hoc
388 1817 494 1970 llorte
509 1891 598 1970 fieri
613 1895 761 1994 potuit,
787 1907 849 1990 ut,
878 1918 970 1970 cum
987 1891 1111 1981 multa

28 1991 100 2088 apud
111 1999 380 2073 Maecenatem
400 1997 451 2074 de
471 1997 738 2095 detrimentis,
766 2021 867 2100 quae
884 2021 930 2073 ex
947 1995 1112 2093 agricul-

28 2103 103 2170 turae
116 2097 296 2198 neglectu
313 2099 554 2201 reipublicae
570 2099 831 2197 inferrentur,
860 2113 899 2176 et
914 2099 965 2177 de
978 2100 1111 2177 modis

28 2201 286 2300 tentionibus,
317 2205 461 2307 quibus
481 2206 517 2280 ei
534 2203 667 2282 honos
687 2230 781 2282 suus
794 2205 946 2280 restitui
964 2217 1111 2306 posset,

28 2295 282 2401 disputarentur
310 2321 350 2384 et
376 2321 610 2406 agerentur,
649 2307 802 2408 Virgilii·
830 2308 1036 2406 ingenium
1061 2307 1112 2382 ad

27 2397 97 2479 hanc
114 2412 319 2486 materiam
341 2409 567 2488 deferretur
590 2413 925 2512 excitareturque‚
957 2424 1003 2484 ut
1022 2435 1111 2486 eam

28 2511 159 2590 carmine
172 2513 419 2590 tractandam
436 2515 510 2590 sibi
523 2529 709 2594 sumeret.
763 2513 956 2593 Carminis
975 2525 1110 2587 tamen

27 2617 191 2692 sicuritas
211 2617 321 2718 apud
340 2620 546 2695 Romanos
563 2617 638 2694 fuit
658 2643 833 2714 summa,
861 2615 1110 2714 omninoque

28 2733 55 2784 tr
69 2739 104 2792 ea
120 2719 299 2820 pendent
316 2721 536 2799 Columella
557 2735 597 2800 et
615 2721 784 2818 Plinius,
810 2717 988 2795 versibus
1008 2741 1111 2819 quo-

27 2839 78 2912 que
90 2821 238 2920 integris
254 2824 469 2925 adscriptis.
515 2829 599 2902 Nec
619 2825 768 2900 mimm
788 2821 885 2914 hoc;
915 2845 1007 2896 cum
1027 2845 1108 2896 car-

26 2921 141 3019 minum
157 2927 310 3030 ubique
328 2929 456 3004 maior
472 2927 578 3028 apud
594 2928 734 3025 vulgus
752 2940 791 3002 et
809 2925 954 3027 politos
976 2923 1110 2999 homi-

26 3031 192 3202 liberalia
212 3033 282 3132 sit,
311 3057 432 3134 quam
452 3032 583 3132 operis
603 3029 880 3133 philosophica
899 3027 1110 3106 subtilitate

86 3135 183 3214 orati
637 3197 639 3202 ·

76 3339 197 3416 Unum
214 3335 626 3418 adhucmonebimus.
661 3337 860 3416 Hesiodi
883 3337 940 3415 de
959 3361 1108 3440 opere

25 3441 165 3518 rustico
192 3469 356 3521 carmen
376 3471 397 3520 a
415 3444 577 3543 Virgilio
604 3444 824 3519 imitatione
847 3466 932 3519 esse
952 3464 1110 3540 expres-

25 3557 101 3636 sum,
134 3548 301 3648 vulgaris
331 3561 371 3624 et
399 3561 581 3624 constans
607 3545 694 3623 fere
720 3571 740 3620 a
764 3546 902 3620 Servio
926 3543 1022 3620 inde
1051 3555 1110 3618 est

26 3644 126 3740 opinio
144 3657 205 3750 *)‚
239 3677 361 3754 quam
377 3664 497 3752 poeta
522 3651 606 3753 ipse
634 3647 773 3726 secisse
797 3647 974 3741 videtur,
1010 3645 1109 3720 dum

26 3763 52 3814 te
74 3753 312 3832 Ascraeum
346 3779 533 3830 carmen
565 3757 778 3855 Romana
811 3765 898 3852 per
930 3747 1108 3848 oppida

27 3865 159 3932 cauere
191 3860 244 3934 ait
275 3863 348 3936 Ge.
372 3859 428 3952 Π,
456 3865 554 3954 176,
591 3881 692 3960 quae
723 3856 805 3956 ipsa
830 3876 893 3928 res
920 3851 970 3926 ad
997 3863 1107 3926 tanto

25 3954 179 4035 maiorem
192 3959 454 4060 eius'gloriam
467 3961 671 4063 pertinuit:
688 3955 984 4058 comparatione
999 3955 1108 4030 enim

48 4155 140 4228 'itaut
154 4165 316 4220 Mauobiurn
334 4183 449 4238 quoqne:
473 4171 525 4221 ει·
567 4165 641 4238 quod
650 4163 702 4218 riti
712 4163 883 4216 Theocritum
896 4156 998 4231 fecerit
1061 4169 1108 4214 to-

25 4227 176 4304 “flj'lld
202 4239 381 4289 Dicturumrre
402 4255 444 4290 me
468 4255 526 4308 pu·
568 4237 636 4288 ralir
656 4235 915 4306 operiaauceorQ
930 4249 981 4283 rur
1017 4231 1107 4284 'rHa-

26 4301 73 4344 totu
92 4318 132 4366 w,
152 4323 220 4374 quoe
247 4307 332 4378 vulgo
355 4319 423 4360 nom
444 4319 525 4372 runt,
570 4304 695 4359 alodum?

62 4383 193 4468 Vrion.
220 4393 326 4468 Tou.
346 4393 374 4468 1.
848 4389 899 4460 18
