2656 5008
174 409 533 488 ouonfflcou
559 411 663 486 cns.
683 410 737 505 u,
768 413 983 488 sss-164
1061 417 1134 492 tet

37 603 133 674 tnnc
148 595 420 672 lacustsntos?
446 608 507 689 te,
533 596 621 670 Lari
638 619 840 692 maxume,
867 609 1000 698 teque,

36 699 215 776 Fluctibus
230 711 269 774 et
277 697 441 774 fremitu
455 697 669 798 adsurgens
682 700 836 776 Benace
852 703 1034 778 marino?
1063 712 1135 781 160

37 807 83 879 ln
97 813 319 878 memorem
336 813 494 902 perlue,
520 801 773 902 Lucrinoque
790 801 920 878 addita
937 803 1110 904 claustra,

34 915 144 1004 Itque
158 905 407 1003 indignatum
421 906 573 1002 mugnis
588 903 823 980 stridoribus
838 929 1000 1007 aequor,

33 1008 112 1083 lulis
129 1033 206 1110 qua
219 1022 347 1109 ponto
365 1005 484 1104 longe
500 1021 615 1082 sonet
629 1008 737 1088 unda
754 1006 903 1104 refuso,

33 1111 327 1213 Tyrrhenusque
343 1109 455 1187 fretis
470 1112 682 1186 inmittitur
695 1123 824 1188 aestus
840 1114 1032 1190 Auernis?

72 1254 148 1329 159.
178 1271 308 1338 usone
323 1251 388 1326 Fu.
456 1257 539 1328 160.
564 1269 809 1348 snsunuuus,
834 1251 1007 1345 Beuum,-

54 1459 97 1511 1⁵9
113 1457 205 1508 beeri
218 1456 280 1508 duo.
315 1451 448 1507 Fabricius
460 1455 621 1526 distinguere
635 1456 758 1509 volebat:
787 1459 834 1520 Te,
851 1459 928 1519 Lari,
945 1457 1072 1518 Maxime,
1090 1468 1134 1508 te-

29 1545 68 1592 que
86 1537 150 1592 etc,
176 1535 205 1576 nt
225 1537 279 1577 tres
298 1523 434 1592 praecipui
454 1524 525 1576 lucus
545 1525 638 1578 ltulise
658 1537 848 1591 memorentur,
866 1526 972 1589 Ledus,
990 1525 1134 1588 Verbanus,

28 1595 104 1662 quiet
121 1595 225 1656 Maior,
251 1604 280 1644 et
297 1595 420 1646 llenucus.
455 1594 540 1646 Nimis
562 1595 702 1648 subtiliter.
781 1597 831 1649 160
854 1597 1003 1666 insurgens
1021 1593 1135 1648 malebat

28 1665 152 1716 Wssseud
167 1663 274 1716 Sallust.
289 1665 344 1730 lug.
358 1665 407 1726 33,
425 1663 550 1746 quiahoc
563 1675 589 1716 et
604 1665 668 1716 ullus
687 1663 853 1716 similisensu
873 1663 996 1715 occurrit.
1030 1667 1065 1714 At
1082 1663 1135 1714 hoo

28 1731 52 1780 sd
61 1732 266 1786 emendationem
280 1733 376 1784 nullum
390 1743 454 1784 sutus
469 1743 516 1784 est.
587 1735 636 1788 161
656 1735 727 1799 Quid
739 1751 878 1786 memorem
891 1731 1018 1784 Ituliniun.
1035 1751 1061 1800 p.
1072 1733 1134 1786 251.

27 1800 102 1854 abditu
120 1803 193 1854 Gud.
225 1802 350 1854 claustro
370 1803 431 1853 duo.
502 1803 553 1856 162
569 1805 678 1876 magnis
698 1801 863 1856 clamoribus
882 1802 1002 1853 Aretinus
1023 1802 1050 1852 iu
1066 1803 1133 1870 Epp.

27 1869 111 1938 laudet,
127 1871 205 1942 quod
219 1871 350 1940 probabat
363 1873 459 1924 Wstse
471 1869 506 1924 ud
519 1871 627 1924 Sullust.
637 1872 656 1924 l.
672 1872 692 1923 I.
715 1923 718 1928 ,
752 1871 804 1928 164
819 1874 928 1924 Aveme'
938 1871 1009 1924 Tull.
1021 1879 1050 1922 et
1062 1875 1133 1924 Seru.

25 2049 83 2102 nm,
103 2027 295 2088 Adriaticum
309 2047 343 2086 sc
353 2026 553 2108 Tyrrhenum,
595 2029 754 2088 latitudine
765 2027 819 2088 vix
828 2027 977 2106 quadrigis
987 2027 1134 2108 recipien-

25 2113 99 2171 uirse
122 2114 359 2193 opportunitatis
386 2114 490 2172 Ituliue
514 2113 554 2172 sd
596 2113 642 2174 dis
656 2136 712 2194 par
726 2113 836 2196 (Strub.
850 2115 886 2188 V,
900 2135 930 2194 p.
948 2111 1133 2196 24511011-

24 2217 108 2257 ruum
128 2198 348 2276 hominumque
367 2199 552 2258 commercia.
595 2219 686 2278 quem
703 2221 738 2258 eo
758 2201 890 2280 perfosso
913 2199 1028 2262 editum
1045 2201 1133 2258 nuvi-

25 2287 79 2346 159.
105 2287 216 2343 Lacus
247 2287 362 2342 Larius
386 2287 549 2360 maximum,
593 2285 650 2345 bus
665 2286 696 2344 in
713 2296 835 2365 portum
851 2286 978 2360 fecerat,
1005 2285 1046 2342 itu
1063 2305 1132 2344 mu-

22 2365 44 2426 lc
74 2389 279 2448 permagnus,
320 2369 376 2428 sub
421 2368 551 2449 Alpibus
594 2372 680 2446 niret,
700 2369 920 2430 utulluctibus
934 2370 1132 2448 superarine-

23 2449 102 2529 (uunc
121 2459 219 2534 Lago
235 2455 270 2514 di
285 2452 405 2536 Come),
427 2456 458 2514 iu
479 2475 550 2533 egro
593 2458 708 2536 quiret,
743 2456 928 2532 navibusque
947 2463 1032 2513 tutus
1052 2455 1132 2517 intra
1182 2467 1186 2482 ¹

21 2537 238 2616 Mediolanensi,
276 2543 381 2598 Lacus
407 2543 551 2600 Benacus
593 2561 661 2601 eum
675 2549 750 2600 esset
764 2549 911 2622 receptus.
954 2539 1014 2598 Hic
1023 2541 1132 2598 Portus

21 2625 44 2682 iu
56 2625 222 2686 Veronensi
245 2623 351 2706 (Lago
365 2625 400 2683 di
419 2622 550 2708 Gurdo),
592 2629 691 2688 Iulius
704 2634 838 2685 vecutus.
847 2625 908 2684 vid.
922 2626 1043 2684 Sueten.
1058 2623 1132 2702 Aug.

20 2721 131 2790 propter
145 2710 385 2790 magnitudinem
404 2711 502 2771 ventis
517 2730 552 2770 uo
595 2715 644 2778 16.
659 2711 782 2770 Exeism
791 2719 855 2769 tum
864 2709 963 2782 silvae,
980 2728 1055 2786 quse
1067 2709 1131 2768 locs

19 2798 144 2871 procellis
163 2796 313 2856 obnoxius
332 2816 395 2855 non
416 2796 552 2856 aliterue
591 2798 692 2858 vicine
707 2795 902 2876 occupabunt.
944 2795 1040 2852 Locus
1054 2794 1163 2852 clus-²

20 2899 96 2942 nure.
140 2881 225 2942 ld·
253 2881 397 2940 Mincium
434 2901 551 2942 emnem
594 2884 671 2942 sicus
691 2892 737 2941 est
756 2881 838 2961 apud
853 2881 978 2940 Dionem
1001 2879 1154 2954 XLVIII,

18 2968 103 3026 medio
131 2969 220 3026 ulveo
246 2967 467 3042 transmittens,
489 2965 552 3026 uid.
594 2969 646 3044 50,
669 2968 725 3027 alis
749 2965 834 3027 dedit
849 2965 968 3026 Cluver.
990 2963 1055 3023 Ital.
1070 2974 1132 3022 unt.

18 3049 80 3112 ltin.
95 3054 151 3128 tx,
164 3057 207 3118 22
226 3061 259 3111 et
273 3053 311 3112 uf.
325 3051 399 3112 Aen.
423 3054 463 3130 X,
479 3051 552 3117 205.
593 3055 643 3130 IV,
658 3057 688 3118 2.
732 3051 885 3113 Adversus
906 3049 1058 3126 Serrium,
1081 3049 1133 3128 qui

17 3137 175 3217 uisurgens
184 3183 194 3214 ,
218 3147 395 3198 tumescens.
592 3140 682 3220 plura
694 3139 829 3214 miscunt,
852 3137 984 3217 disputat
1001 3137 1132 3196 Ouwens

53 3223 286 3288 161-164.Μ.
297 3222 553 3304 Vipsaniodgrip-
593 3225 679 3284 N.IL
702 3245 732 3304 p.
749 3225 821 3290 581·
863 3223 1132 3284 Praetatustamen

16 3325 54 3384 ps,
76 3309 108 3367 L.
126 3309 253 3368 Canidio
269 3311 355 3370 Gallo
372 3309 452 3370 Coss.
467 3309 501 3368 U.
517 3309 549 3368 (l.
591 3311 728 3390 sequenti
744 3319 880 3390 tempore
907 3319 1014 3390 portus
1041 3307 1131 3367 Mise-

15 3395 85 3469 717,
116 3413 187 3454 cum
215 3405 322 3456 contre
349 3397 433 3454 Sext.
459 3396 551 3454 Pom·
591 3417 658 3458 nus.
685 3396 832 3456 Memorat
844 3395 944 3474 itaque
954 3403 1043 3474 poete
1058 3411 1131 3472 por-

15 3477 106 3554 petum
119 3479 198 3540 mele
215 3501 281 3540 rem
303 3481 437 3561 gessisset
456 3481 551 3540 Octa·
591 3493 658 3543 tum
676 3481 800 3558 Iulium3
827 3501 916 3560 quem
937 3481 980 3539 sic
998 3477 1131 3538 ornavit:
1155 3485 1163 3498 “

14 3565 115 3624 nunus
154 3567 277 3644 Caesar,
320 3575 357 3626 ut
383 3565 551 3626 reficiendis
586 3581 693 3648 portus
706 3571 896 3646 Lucrinoque
919 3565 1026 3623 additu
1043 3564 1131 3622 claro-

15 3647 151 3710 tlsssibus
176 3653 276 3712 locum
294 3659 396 3712 tutum
417 3651 551 3727 heberet,
592 3667 671 3729 sua,
692 3652 724 3713 h.
738 3671 871 3734 aggerem
885 3650 971 3710 illum
986 3669 1047 3708 non
1064 3657 1131 3706 tum

14 3731 156 3815 Agrippae
178 3738 301 3798 consilio
321 3747 445 3817 portum
462 3739 551 3796 Beie-
592 3740 723 3820 primum
737 3740 866 3812 fuctum,
892 3735 944 3795 sed
959 3733 1045 3792 novis
1059 3752 1131 3811 ope-

15 3839 82 3878 num
116 3822 149 3880 in
178 3823 247 3884 sinu
271 3823 436 3882 Puteolano
461 3821 551 3904 (iuter
591 3825 885 3896 ribusedstructum,
907 3839 966 3896 quo
979 3817 1044 3898 ipso
1057 3837 1131 3897 por-

14 3903 93 3964 llsins
107 3917 141 3965 et
154 3907 303 3989 Puteolos)
319 3905 552 3968 commodiorem
593 3919 644 3969 tus
663 3909 783 3969 effectus
803 3915 857 3966 est.
907 3903 1019 3962 Eodem
1040 3901 1131 3962 modo

14 3999 39 4048 et
52 3993 199 4052 tutiorem
210 3996 253 4054 ita
264 3993 407 4068 reddidit,
428 4003 481 4053 aut
497 4013 552 4052 ue-
594 3993 800 4074 occipiendrun
812 4001 855 4051 est
870 3989 946 4049 illud
961 3989 1062 4064 Plinii,
1093 4009 1131 4046 ex

15 4077 71 4135 rius
89 4099 206 4138 novum
221 4089 346 4160 portum
367 4079 493 4158 speruit,
515 4087 552 4138 ut
593 4091 699 4140 nostro
732 4077 958 4150 adumbratum,
990 4074 1130 4148 XXXVI,

16 4163 110 4224 lacum
122 4165 302 4241 Lucrinum,
324 4165 482 4224 interiecto
499 4185 552 4244 ug·
596 4167 645 4240 15,
661 4187 683 4223 s.
703 4163 755 4238 24,
779 4165 818 4225 12
840 4183 921 4218 mare
950 4159 1131 4239 Iymlcenum

14 4267 76 4321 gere
96 4252 199 4310 ammi
219 4251 381 4325 seclusum,
404 4249 553 4310 cumlucu
594 4273 615 4308 α
650 4252 781 4308 Lucrino
812 4243 937 4304 neotum
970 4248 1128 4322 ecelinum,

16 4333 144 4410 Averno,
166 4335 217 4414 qui
233 4337 284 4395 isti
300 4336 463 4410 ediscebat,
478 4355 552 4393 con·
593 4335 752 4408 rrimirum,
784 4331 860 4391 ostio
880 4339 1000 4389 tuntum
1024 4341 1130 4410 portus

16 4415 164 4496 iungeret,
185 4441 319 4500 aggerem
341 4429 441 4480 sutem
461 4419 552 4480 modo
593 4421 709 4481 relicto.
731 4438 844 4498 aequor
863 4425 963 4474 sutem
985 4419 1130 4494 indigna-

16 4501 146 4580 dietum,
172 4507 223 4585 qui
241 4507 268 4567 V
290 4507 458 4568 studiorum
478 4515 552 4582 erut,
593 4505 689 4582 batur,
711 4512 852 4585 superte,
873 4523 935 4584 qua
948 4501 1030 4560 mecla
1047 4501 1130 4561 Iulia
