<?xml version="1.0" encoding="UTF-8"?>
<!DOCTYPE html PUBLIC "-//W3C//DTD XHTML 1.0 Transitional//EN"
    "http://www.w3.org/TR/xhtml1/DTD/xhtml1-transitional.dtd">
<html xmlns="http://www.w3.org/1999/xhtml" xml:lang="en" lang="en">
 <head>
  <title>
</title>
<meta http-equiv="Content-Type" content="text/html;charset=utf-8" />
  <meta name='ocr-system' content='tesseract 3.04.00' />
  <meta name='ocr-capabilities' content='ocr_page ocr_carea ocr_par ocr_line ocrx_word'/>
</head>
<body>
  <div class='ocr_page' id='page_1' title='image "./publiusvirgiliu00virggoog/publiusvirgiliu00virggoog_0191.png"; bbox 0 0 2654 5000; ppageno 0'>
   <div class='ocr_carea' id='block_1_1' title="bbox 159 387 1280 680">
    <p class='ocr_par' dir='ltr' id='par_1_1' title="bbox 159 387 1280 680">
     <span class='ocr_line' id='line_1_1' title="bbox 159 387 1088 478; baseline -0.019 1"><span class='ocrx_word' id='word_1_1' title='bbox 159 405 210 478; x_wconf 78' lang='grc'><strong>86</strong></span> <span class='ocrx_word' id='word_1_2' title='bbox 343 393 589 472; x_wconf 86' lang='lat' dir='ltr'><strong>SPOHNll</strong></span> <span class='ocrx_word' id='word_1_3' title='bbox 627 387 1088 466; x_wconf 81' lang='lat' dir='ltr'><strong>PROLEGOMENA</strong></span> 
     </span>
     <span class='ocr_line' id='line_1_2' title="bbox 161 574 1280 680; baseline -0.012 -20"><span class='ocrx_word' id='word_1_4' title='bbox 161 580 332 660; x_wconf 90' lang='lat' dir='ltr'><strong>ducendi</strong></span> <span class='ocrx_word' id='word_1_5' title='bbox 347 577 494 656; x_wconf 85' lang='lat' dir='ltr'><strong>faceret</strong></span> <span class='ocrx_word' id='word_1_6' title='bbox 513 589 758 680; x_wconf 85' lang='lat' dir='ltr'><strong>potestatem.</strong></span> <span class='ocrx_word' id='word_1_7' title='bbox 809 579 948 653; x_wconf 89' lang='lat' dir='ltr'><strong>Mense</strong></span> <span class='ocrx_word' id='word_1_8' title='bbox 970 574 1076 650; x_wconf 84' lang='lat' dir='ltr'><strong>Maio</strong></span> <span class='ocrx_word' id='word_1_9' title='bbox 1096 575 1280 649; x_wconf 84' lang='lat' dir='ltr'><strong>Octavi</strong></span> 
     </span>
    </p>
   </div>
   <div class='ocr_carea' id='block_1_2' title="bbox 158 1194 1326 3868">
    <p class='ocr_par' dir='ltr' id='par_1_2' title="bbox 158 1194 1326 3868">
     <span class='ocr_line' id='line_1_3' title="bbox 160 1194 1326 1302; baseline -0.009 -26"><span class='ocrx_word' id='word_1_10' title='bbox 160 1223 239 1302; x_wconf 88' lang='lat' dir='ltr'><strong>que</strong></span> <span class='ocrx_word' id='word_1_11' title='bbox 261 1211 307 1274; x_wconf 89' lang='lat' dir='ltr'><strong>ut</strong></span> <span class='ocrx_word' id='word_1_12' title='bbox 333 1198 527 1274; x_wconf 86' lang='lat' dir='ltr'><strong>maiorem</strong></span> <span class='ocrx_word' id='word_1_13' title='bbox 541 1197 670 1293; x_wconf 84' lang='lat' dir='ltr'><strong>etiam,</strong></span> <span class='ocrx_word' id='word_1_14' title='bbox 694 1219 814 1296; x_wconf 90' lang='lat' dir='ltr'><strong>quam</strong></span> <span class='ocrx_word' id='word_1_15' title='bbox 831 1194 1078 1286; x_wconf 88' lang='lat' dir='ltr'><strong>Octavianus,</strong></span> <span class='ocrx_word' id='word_1_16' title='bbox 1102 1194 1326 1268; x_wconf 88' lang='lat' dir='ltr'><strong>Antonio</strong></span> 
     </span>
     <span class='ocr_line' id='line_1_4' title="bbox 159 1295 1265 1402; baseline -0.007 -24"><span class='ocrx_word' id='word_1_17' title='bbox 159 1302 312 1402; x_wconf 85' lang='lat' dir='ltr'>sibique</span> <span class='ocrx_word' id='word_1_18' title='bbox 332 1300 423 1401; x_wconf 90' lang='lat' dir='ltr'><strong>ipsis</strong></span> <span class='ocrx_word' id='word_1_19' title='bbox 442 1301 604 1398; x_wconf 81' lang='lat' dir='ltr'>gratiam</span> <span class='ocrx_word' id='word_1_20' title='bbox 628 1297 784 1374; x_wconf 86' lang='lat' dir='ltr'><strong>amilite</strong></span> <span class='ocrx_word' id='word_1_21' title='bbox 801 1295 1063 1388; x_wconf 74' lang='lat' dir='ltr'><strong>conciliarent,</strong></span> <span class='ocrx_word' id='word_1_22' title='bbox 1083 1296 1215 1370; x_wconf 89' lang='lat' dir='ltr'><strong>maio</strong></span> <span class='ocrx_word' id='word_1_23' title='bbox 1259 1328 1265 1339; x_wconf 94' lang='lat'><strong>·</strong></span> 
     </span>
     <span class='ocr_line' id='line_1_5' title="bbox 161 1399 1323 1498; baseline -0.005 -18"><span class='ocrx_word' id='word_1_24' title='bbox 161 1406 279 1480; x_wconf 84' lang='lat' dir='ltr'><strong>etiam</strong></span> <span class='ocrx_word' id='word_1_25' title='bbox 292 1405 483 1480; x_wconf 82' lang='lat' dir='ltr'><strong>veteranis</strong></span> <span class='ocrx_word' id='word_1_26' title='bbox 494 1425 722 1483; x_wconf 73' lang='lat' dir='ltr'><strong>concessere</strong></span> <span class='ocrx_word' id='word_1_27' title='bbox 737 1399 934 1476; x_wconf 87' lang='lat' dir='ltr'><strong>licentiam</strong></span> <span class='ocrx_word' id='word_1_28' title='bbox 943 1399 1131 1498; x_wconf 80' lang='lat' dir='ltr'><strong>(Appiam.</strong></span> <span class='ocrx_word' id='word_1_29' title='bbox 1146 1403 1201 1494; x_wconf 90' lang='lat' dir='ltr'><strong>V,</strong></span> <span class='ocrx_word' id='word_1_30' title='bbox 1219 1405 1323 1495; x_wconf 60' lang='lat'>14).</span> 
     </span>
     <span class='ocr_line' id='line_1_6' title="bbox 261 1501 1321 1602; baseline -0.007 -20"><span class='ocrx_word' id='word_1_31' title='bbox 261 1507 361 1582; x_wconf 88' lang='lat' dir='ltr'><strong>Hinc</strong></span> <span class='ocrx_word' id='word_1_32' title='bbox 377 1505 481 1582; x_wconf 90' lang='lat' dir='ltr'><strong>aliud</strong></span> <span class='ocrx_word' id='word_1_33' title='bbox 496 1504 793 1582; x_wconf 78' lang='lat' dir='ltr'><strong>lamentantium</strong></span> <span class='ocrx_word' id='word_1_34' title='bbox 811 1516 851 1579; x_wconf 89' lang='lat' dir='ltr'><strong>et</strong></span> <span class='ocrx_word' id='word_1_35' title='bbox 865 1501 1230 1602; x_wconf 72' lang='lat' dir='ltr'><strong>conquerentium</strong></span> <span class='ocrx_word' id='word_1_36' title='bbox 1242 1525 1321 1598; x_wconf 83' lang='lat' dir='ltr'><strong>ge-</strong></span> 
     </span>
     <span class='ocr_line' id='line_1_7' title="bbox 159 1603 1320 1709; baseline -0.005 -25"><span class='ocrx_word' id='word_1_37' title='bbox 159 1633 233 1686; x_wconf 90' lang='lat' dir='ltr'><strong>nus</strong></span> <span class='ocrx_word' id='word_1_38' title='bbox 249 1608 354 1709; x_wconf 82' lang='lat' dir='ltr'><strong>apud</strong></span> <span class='ocrx_word' id='word_1_39' title='bbox 381 1609 638 1684; x_wconf 82' lang='lat' dir='ltr'><strong>Octavianum</strong></span> <span class='ocrx_word' id='word_1_40' title='bbox 659 1607 710 1682; x_wconf 89' lang='lat' dir='ltr'><strong>de</strong></span> <span class='ocrx_word' id='word_1_41' title='bbox 733 1606 1049 1684; x_wconf 86' lang='lat' dir='ltr'><strong>Antonianorum</strong></span> <span class='ocrx_word' id='word_1_42' title='bbox 1074 1603 1320 1696; x_wconf 85' lang='lat' dir='ltr'><strong>divisione,</strong></span> 
     </span>
     <span class='ocr_line' id='line_1_8' title="bbox 159 1708 1319 1888; baseline -0.001 -102"><span class='ocrx_word' id='word_1_43' title='bbox 159 1709 352 1888; x_wconf 40' lang='lat' dir='ltr'><strong>iuiqplora</strong></span> <span class='ocrx_word' id='word_1_44' title='bbox 362 1709 463 1788; x_wconf 88' lang='lat' dir='ltr'><strong>haec</strong></span> <span class='ocrx_word' id='word_1_45' title='bbox 475 1735 559 1786; x_wconf 89' lang='lat' dir='ltr'><strong>esse</strong></span> <span class='ocrx_word' id='word_1_46' title='bbox 577 1711 792 1816; x_wconf 75' lang='lat' dir='ltr'><strong>dicentium</strong></span> <span class='ocrx_word' id='word_1_47' title='bbox 806 1710 897 1810; x_wconf 88' lang='lat' dir='ltr'><strong>ipsis</strong></span> <span class='ocrx_word' id='word_1_48' title='bbox 913 1708 1319 1808; x_wconf 84' lang='lat' dir='ltr'><strong>proscriptionibus.</strong></span> 
     </span>
     <span class='ocr_line' id='line_1_9' title="bbox 160 1811 1316 1916; baseline 0 -28"><span class='ocrx_word' id='word_1_49' title='bbox 160 1815 237 1910; x_wconf 89' lang='lat' dir='ltr'><strong>Qui</strong></span> <span class='ocrx_word' id='word_1_50' title='bbox 267 1837 313 1890; x_wconf 92' lang='lat' dir='ltr'><strong>us</strong></span> <span class='ocrx_word' id='word_1_51' title='bbox 335 1813 414 1888; x_wconf 84' lang='lat' dir='ltr'><strong>etsi</strong></span> <span class='ocrx_word' id='word_1_52' title='bbox 444 1838 566 1916; x_wconf 92' lang='lat' dir='ltr'><strong>opem</strong></span> <span class='ocrx_word' id='word_1_53' title='bbox 594 1811 701 1889; x_wconf 84' lang='lat' dir='ltr'><strong>serre</strong></span> <span class='ocrx_word' id='word_1_54' title='bbox 730 1813 880 1888; x_wconf 87' lang='lat' dir='ltr'><strong>studuit</strong></span> <span class='ocrx_word' id='word_1_55' title='bbox 905 1812 1176 1909; x_wconf 81' lang='lat' dir='ltr'><strong>Octavianus,</strong></span> <span class='ocrx_word' id='word_1_56' title='bbox 1219 1837 1316 1888; x_wconf 94' lang='lat' dir='ltr'><strong>non</strong></span> 
     </span>
     <span class='ocr_line' id='line_1_10' title="bbox 160 1900 1314 2018; baseline 0 -25"><span class='ocrx_word' id='word_1_57' title='bbox 160 1917 325 2000; x_wconf 90' lang='lat' dir='ltr'><strong>omuino</strong></span> <span class='ocrx_word' id='word_1_58' title='bbox 355 1928 488 1992; x_wconf 87' lang='lat' dir='ltr'><strong>tamen</strong></span> <span class='ocrx_word' id='word_1_59' title='bbox 519 1918 657 2018; x_wconf 88' lang='lat' dir='ltr'><strong>potuit</strong></span> <span class='ocrx_word' id='word_1_60' title='bbox 725 1917 811 1992; x_wconf 84' lang='lat' dir='ltr'><strong>lam</strong></span> <span class='ocrx_word' id='word_1_61' title='bbox 840 1900 1004 2016; x_wconf 81' lang='lat' dir='ltr'><strong>quidem</strong></span> <span class='ocrx_word' id='word_1_62' title='bbox 1029 1916 1314 2007; x_wconf 80' lang='lat' dir='ltr'><strong>octavianus,</strong></span> 
     </span>
     <span class='ocr_line' id='line_1_11' title="bbox 160 2015 1314 2120; baseline 0 -26"><span class='ocrx_word' id='word_1_63' title='bbox 160 2039 285 2120; x_wconf 90' lang='lat' dir='ltr'><strong>quum</strong></span> <span class='ocrx_word' id='word_1_64' title='bbox 308 2017 461 2095; x_wconf 87' lang='lat' dir='ltr'><strong>videret</strong></span> <span class='ocrx_word' id='word_1_65' title='bbox 484 2033 664 2096; x_wconf 85' lang='lat' dir='ltr'><strong>ettotam</strong></span> <span class='ocrx_word' id='word_1_66' title='bbox 697 2017 848 2096; x_wconf 84' lang='lat' dir='ltr'><strong>Italiam</strong></span> <span class='ocrx_word' id='word_1_67' title='bbox 873 2015 1021 2094; x_wconf 88' lang='lat' dir='ltr'><strong>turbari</strong></span> <span class='ocrx_word' id='word_1_68' title='bbox 1046 2030 1090 2091; x_wconf 86' lang='lat' dir='ltr'><strong>et</strong></span> <span class='ocrx_word' id='word_1_69' title='bbox 1115 2017 1314 2094; x_wconf 85' lang='lat' dir='ltr'><strong>infestos</strong></span> 
     </span>
     <span class='ocr_line' id='line_1_12' title="bbox 159 2120 1311 2222; baseline 0.003 -26"><span class='ocrx_word' id='word_1_70' title='bbox 159 2121 231 2196; x_wconf 90' lang='lat' dir='ltr'><strong>sibi</strong></span> <span class='ocrx_word' id='word_1_71' title='bbox 256 2120 371 2218; x_wconf 82' lang='lat' dir='ltr'><strong>reddi</strong></span> <span class='ocrx_word' id='word_1_72' title='bbox 400 2121 581 2198; x_wconf 91' lang='lat' dir='ltr'><strong>omnium</strong></span> <span class='ocrx_word' id='word_1_73' title='bbox 603 2123 766 2218; x_wconf 88' lang='lat' dir='ltr'><strong>animos,</strong></span> <span class='ocrx_word' id='word_1_74' title='bbox 791 2122 941 2222; x_wconf 88' lang='lat' dir='ltr'><strong>quippe</strong></span> <span class='ocrx_word' id='word_1_75' title='bbox 961 2145 1089 2221; x_wconf 93' lang='lat' dir='ltr'><strong>quum</strong></span> <span class='ocrx_word' id='word_1_76' title='bbox 1112 2120 1311 2198; x_wconf 84' lang='lat' dir='ltr'><strong>allorum</strong></span> 
     </span>
     <span class='ocr_line' id='line_1_13' title="bbox 159 2221 1311 2325; baseline 0 -25"><span class='ocrx_word' id='word_1_77' title='bbox 159 2246 272 2321; x_wconf 83' lang='lat' dir='ltr'><strong>agros</strong></span> <span class='ocrx_word' id='word_1_78' title='bbox 294 2225 377 2323; x_wconf 88' lang='lat' dir='ltr'><strong>ipse</strong></span> <span class='ocrx_word' id='word_1_79' title='bbox 404 2225 558 2325; x_wconf 86' lang='lat' dir='ltr'><strong>eripere</strong></span> <span class='ocrx_word' id='word_1_80' title='bbox 583 2225 772 2320; x_wconf 87' lang='lat' dir='ltr'><strong>deberet,</strong></span> <span class='ocrx_word' id='word_1_81' title='bbox 805 2238 852 2300; x_wconf 90' lang='lat' dir='ltr'><strong>ut</strong></span> <span class='ocrx_word' id='word_1_82' title='bbox 870 2221 1176 2316; x_wconf 88' lang='lat' dir='ltr'><strong>suismilitibus</strong></span> <span class='ocrx_word' id='word_1_83' title='bbox 1197 2227 1311 2302; x_wconf 82' lang='lat' dir='ltr'><strong>divi-</strong></span> 
     </span>
     <span class='ocr_line' id='line_1_14' title="bbox 160 2325 1309 2420; baseline 0.003 -18"><span class='ocrx_word' id='word_1_84' title='bbox 160 2325 289 2420; x_wconf 86' lang='lat' dir='ltr'><strong>deret,</strong></span> <span class='ocrx_word' id='word_1_85' title='bbox 317 2325 483 2403; x_wconf 88' lang='lat' dir='ltr'><strong>aliorum</strong></span> <span class='ocrx_word' id='word_1_86' title='bbox 499 2329 547 2404; x_wconf 91' lang='lat' dir='ltr'><strong>ab</strong></span> <span class='ocrx_word' id='word_1_87' title='bbox 562 2327 794 2404; x_wconf 82' lang='lat' dir='ltr'><strong>Antonianis</strong></span> <span class='ocrx_word' id='word_1_88' title='bbox 808 2328 1006 2402; x_wconf 92' lang='lat' dir='ltr'><strong>immunes</strong></span> <span class='ocrx_word' id='word_1_89' title='bbox 1022 2343 1197 2404; x_wconf 83' lang='lat' dir='ltr'><strong>servare</strong></span> <span class='ocrx_word' id='word_1_90' title='bbox 1214 2355 1309 2405; x_wconf 92' lang='lat' dir='ltr'><strong>non</strong></span> 
     </span>
     <span class='ocr_line' id='line_1_15' title="bbox 159 2428 1308 2530; baseline 0.003 -26"><span class='ocrx_word' id='word_1_91' title='bbox 159 2441 310 2530; x_wconf 87' lang='lat' dir='ltr'><strong>posset,</strong></span> <span class='ocrx_word' id='word_1_92' title='bbox 337 2442 378 2504; x_wconf 90' lang='lat' dir='ltr'><strong>et</strong></span> <span class='ocrx_word' id='word_1_93' title='bbox 391 2429 647 2506; x_wconf 78' lang='lat' dir='ltr'><strong>nihilomims</strong></span> <span class='ocrx_word' id='word_1_94' title='bbox 665 2444 827 2507; x_wconf 92' lang='lat' dir='ltr'><strong>cunctos</strong></span> <span class='ocrx_word' id='word_1_95' title='bbox 848 2428 993 2504; x_wconf 81' lang='lat' dir='ltr'><strong>milites</strong></span> <span class='ocrx_word' id='word_1_96' title='bbox 1008 2429 1081 2505; x_wconf 90' lang='lat' dir='ltr'><strong>sibi</strong></span> <span class='ocrx_word' id='word_1_97' title='bbox 1104 2430 1203 2506; x_wconf 90' lang='lat' dir='ltr'><strong>soli·</strong></span> <span class='ocrx_word' id='word_1_98' title='bbox 1226 2435 1308 2508; x_wconf 90' lang='lat' dir='ltr'><strong>ob·-</strong></span> 
     </span>
     <span class='ocr_line' id='line_1_16' title="bbox 158 2531 1306 2634; baseline 0.004 -28"><span class='ocrx_word' id='word_1_99' title='bbox 158 2533 294 2630; x_wconf 76' lang='lat' dir='ltr'><strong>stringi</strong></span> <span class='ocrx_word' id='word_1_100' title='bbox 313 2554 395 2606; x_wconf 93' lang='lat' dir='ltr'><strong>non</strong></span> <span class='ocrx_word' id='word_1_101' title='bbox 415 2557 551 2634; x_wconf 65' lang='lat' dir='ltr'><strong>posseg</strong></span> <span class='ocrx_word' id='word_1_102' title='bbox 573 2548 777 2634; x_wconf 86' lang='lat' dir='ltr'><strong>praeterea</strong></span> <span class='ocrx_word' id='word_1_103' title='bbox 797 2557 893 2608; x_wconf 87' lang='lat' dir='ltr'><strong>vero</strong></span> <span class='ocrx_word' id='word_1_104' title='bbox 910 2531 1181 2630; x_wconf 79' lang='lat' dir='ltr'><strong>intelligeret,</strong></span> <span class='ocrx_word' id='word_1_105' title='bbox 1213 2561 1306 2611; x_wconf 88' lang='lat' dir='ltr'><strong>nou</strong></span> 
     </span>
     <span class='ocr_line' id='line_1_17' title="bbox 158 2635 1304 2738; baseline 0.002 -26"><span class='ocrx_word' id='word_1_106' title='bbox 158 2648 312 2712; x_wconf 84' lang='lat' dir='ltr'><strong>tantum</strong></span> <span class='ocrx_word' id='word_1_107' title='bbox 328 2635 470 2732; x_wconf 85' lang='lat' dir='ltr'><strong>gratiae</strong></span> <span class='ocrx_word' id='word_1_108' title='bbox 485 2635 532 2714; x_wconf 85' lang='lat' dir='ltr'><strong>ab</strong></span> <span class='ocrx_word' id='word_1_109' title='bbox 547 2637 609 2732; x_wconf 90' lang='lat' dir='ltr'><strong>iis,</strong></span> <span class='ocrx_word' id='word_1_110' title='bbox 626 2637 768 2738; x_wconf 80' lang='lat' dir='ltr'><strong>quibus</strong></span> <span class='ocrx_word' id='word_1_111' title='bbox 785 2635 960 2727; x_wconf 88' lang='lat' dir='ltr'><strong>dederit,</strong></span> <span class='ocrx_word' id='word_1_112' title='bbox 985 2648 1195 2736; x_wconf 84' lang='lat' dir='ltr'><strong>quantum</strong></span> <span class='ocrx_word' id='word_1_113' title='bbox 1216 2639 1304 2716; x_wconf 92' lang='lat' dir='ltr'><strong>odii</strong></span> 
     </span>
     <span class='ocr_line' id='line_1_18' title="bbox 160 2732 1304 2843; baseline 0.003 -29"><span class='ocrx_word' id='word_1_114' title='bbox 160 2738 208 2814; x_wconf 87' lang='lat' dir='ltr'><strong>ab</strong></span> <span class='ocrx_word' id='word_1_115' title='bbox 230 2739 292 2834; x_wconf 89' lang='lat' dir='ltr'><strong>iis,</strong></span> <span class='ocrx_word' id='word_1_116' title='bbox 318 2732 460 2838; x_wconf 94' lang='lat' dir='ltr'><strong>quibus</strong></span> <span class='ocrx_word' id='word_1_117' title='bbox 493 2739 681 2840; x_wconf 89' lang='lat' dir='ltr'><strong>eripuerit</strong></span> <span class='ocrx_word' id='word_1_118' title='bbox 705 2753 773 2815; x_wconf 89' lang='lat' dir='ltr'><strong>aut</strong></span> <span class='ocrx_word' id='word_1_119' title='bbox 799 2738 1010 2832; x_wconf 88' lang='lat' dir='ltr'><strong>recusarit,</strong></span> <span class='ocrx_word' id='word_1_120' title='bbox 1054 2763 1304 2843; x_wconf 85' lang='lat' dir='ltr'><strong>consequu-</strong></span> 
     </span>
     <span class='ocr_line' id='line_1_19' title="bbox 158 2839 1303 2944; baseline 0.002 -26"><span class='ocrx_word' id='word_1_121' title='bbox 158 2855 312 2934; x_wconf 90' lang='lat' dir='ltr'><strong>turum;</strong></span> <span class='ocrx_word' id='word_1_122' title='bbox 340 2865 409 2921; x_wconf 87' lang='lat' dir='ltr'><strong>eos</strong></span> <span class='ocrx_word' id='word_1_123' title='bbox 423 2865 538 2939; x_wconf 91' lang='lat' dir='ltr'><strong>vero,</strong></span> <span class='ocrx_word' id='word_1_124' title='bbox 562 2843 726 2944; x_wconf 90' lang='lat' dir='ltr'><strong>quinon</strong></span> <span class='ocrx_word' id='word_1_125' title='bbox 741 2839 1072 2942; x_wconf 77' lang='lat' dir='ltr'><strong>obtemperarint,</strong></span> <span class='ocrx_word' id='word_1_126' title='bbox 1096 2847 1233 2920; x_wconf 85' lang='lat' dir='ltr'><strong>armis</strong></span> <span class='ocrx_word' id='word_1_127' title='bbox 1251 2845 1303 2922; x_wconf 88' lang='lat' dir='ltr'><strong>ad</strong></span> 
     </span>
     <span class='ocr_line' id='line_1_20' title="bbox 158 2943 1303 3044; baseline 0.002 -24"><span class='ocrx_word' id='word_1_128' title='bbox 158 2945 380 3042; x_wconf 87' lang='lat' dir='ltr'><strong>interitum,</strong></span> <span class='ocrx_word' id='word_1_129' title='bbox 414 2947 480 3044; x_wconf 90' lang='lat' dir='ltr'><strong>qui</strong></span> <span class='ocrx_word' id='word_1_130' title='bbox 504 2944 664 3022; x_wconf 87' lang='lat' dir='ltr'><strong>oderint</strong></span> <span class='ocrx_word' id='word_1_131' title='bbox 690 2959 842 3040; x_wconf 87' lang='lat' dir='ltr'><strong>autem,</strong></span> <span class='ocrx_word' id='word_1_132' title='bbox 876 2943 925 3020; x_wconf 85' lang='lat' dir='ltr'><strong>ad</strong></span> <span class='ocrx_word' id='word_1_133' title='bbox 951 2967 1142 3020; x_wconf 88' lang='lat' dir='ltr'><strong>amorem</strong></span> <span class='ocrx_word' id='word_1_134' title='bbox 1172 2950 1303 3024; x_wconf 82' lang='lat' dir='ltr'><strong>armis</strong></span> 
     </span>
     <span class='ocr_line' id='line_1_21' title="bbox 159 3045 1302 3149; baseline 0.006 -29"><span class='ocrx_word' id='word_1_135' title='bbox 159 3045 260 3144; x_wconf 80' lang='lat' dir='ltr'><strong>adigi</strong></span> <span class='ocrx_word' id='word_1_136' title='bbox 276 3071 359 3121; x_wconf 93' lang='lat' dir='ltr'><strong>non</strong></span> <span class='ocrx_word' id='word_1_137' title='bbox 372 3070 504 3146; x_wconf 76' lang='lat' dir='ltr'><strong>posse3</strong></span> <span class='ocrx_word' id='word_1_138' title='bbox 534 3047 706 3149; x_wconf 87' lang='lat' dir='ltr'><strong>denique</strong></span> <span class='ocrx_word' id='word_1_139' title='bbox 719 3061 781 3143; x_wconf 89' lang='lat' dir='ltr'><strong>ut,</strong></span> <span class='ocrx_word' id='word_1_140' title='bbox 797 3072 899 3148; x_wconf 92' lang='lat' dir='ltr'><strong>quos</strong></span> <span class='ocrx_word' id='word_1_141' title='bbox 920 3049 1137 3145; x_wconf 62' lang='lat' dir='ltr'><strong>Antoniani</strong></span> <span class='ocrx_word' id='word_1_142' title='bbox 1154 3047 1302 3127; x_wconf 83' lang='lat' dir='ltr'><strong>laesis-</strong></span> 
     </span>
     <span class='ocr_line' id='line_1_22' title="bbox 159 3148 1298 3254; baseline 0.008 -32"><span class='ocrx_word' id='word_1_143' title='bbox 159 3160 266 3238; x_wconf 87' lang='lat' dir='ltr'><strong>sent,</strong></span> <span class='ocrx_word' id='word_1_144' title='bbox 289 3148 338 3222; x_wconf 92' lang='lat' dir='ltr'><strong>ad</strong></span> <span class='ocrx_word' id='word_1_145' title='bbox 348 3157 399 3224; x_wconf 80' lang='lat' dir='ltr'><strong>‘se</strong></span> <span class='ocrx_word' id='word_1_146' title='bbox 416 3150 657 3229; x_wconf 80' lang='lat' dir='ltr'><strong>traduceret:</strong></span> <span class='ocrx_word' id='word_1_147' title='bbox 688 3151 737 3225; x_wconf 92' lang='lat' dir='ltr'><strong>ab</strong></span> <span class='ocrx_word' id='word_1_148' title='bbox 751 3151 926 3226; x_wconf 92' lang='lat' dir='ltr'><strong>instituto</strong></span> <span class='ocrx_word' id='word_1_149' title='bbox 942 3163 1056 3225; x_wconf 88' lang='lat' dir='ltr'><strong>antea</strong></span> <span class='ocrx_word' id='word_1_150' title='bbox 1070 3157 1298 3254; x_wconf 90' lang='lat' dir='ltr'><strong>proposito</strong></span> 
     </span>
     <span class='ocr_line' id='line_1_23' title="bbox 159 3247 1298 3356; baseline 0.006 -32"><span class='ocrx_word' id='word_1_151' title='bbox 159 3247 379 3350; x_wconf 85' lang='lat' dir='ltr'><strong>paullulum</strong></span> <span class='ocrx_word' id='word_1_152' title='bbox 396 3249 578 3334; x_wconf 72' lang='lat' dir='ltr'><strong>d&#39;nceseit.</strong></span> <span class='ocrx_word' id='word_1_153' title='bbox 610 3258 748 3354; x_wconf 80' lang='lat' dir='ltr'><strong>ltaque</strong></span> <span class='ocrx_word' id='word_1_154' title='bbox 762 3277 895 3354; x_wconf 88' lang='lat' dir='ltr'><strong>neque</strong></span> <span class='ocrx_word' id='word_1_155' title='bbox 908 3266 1298 3356; x_wconf 76' lang='lat' dir='ltr'><strong>senatorumagros,</strong></span> 
     </span>
     <span class='ocr_line' id='line_1_24' title="bbox 160 3351 1296 3458; baseline 0.008 -30"><span class='ocrx_word' id='word_1_156' title='bbox 160 3377 294 3454; x_wconf 87' lang='lat' dir='ltr'><strong>neque</strong></span> <span class='ocrx_word' id='word_1_157' title='bbox 312 3351 526 3431; x_wconf 89' lang='lat' dir='ltr'><strong>mulierum</strong></span> <span class='ocrx_word' id='word_1_158' title='bbox 553 3381 639 3453; x_wconf 88' lang='lat' dir='ltr'><strong>eos,</strong></span> <span class='ocrx_word' id='word_1_159' title='bbox 667 3379 768 3457; x_wconf 86' lang='lat' dir='ltr'><strong>quos</strong></span> <span class='ocrx_word' id='word_1_160' title='bbox 788 3351 893 3432; x_wconf 86' lang='lat' dir='ltr'><strong>dotis</strong></span> <span class='ocrx_word' id='word_1_161' title='bbox 917 3355 1006 3432; x_wconf 90' lang='lat' dir='ltr'><strong>loco</strong></span> <span class='ocrx_word' id='word_1_162' title='bbox 1031 3375 1296 3458; x_wconf 76' lang='lat' dir='ltr'><strong>acceperant,</strong></span> 
     </span>
     <span class='ocr_line' id='line_1_25' title="bbox 158 3455 1295 3560; baseline 0.005 -28"><span class='ocrx_word' id='word_1_163' title='bbox 158 3477 293 3558; x_wconf 85' lang='lat' dir='ltr'><strong>neque</strong></span> <span class='ocrx_word' id='word_1_164' title='bbox 316 3455 383 3556; x_wconf 88' lang='lat' dir='ltr'><strong>qui</strong></span> <span class='ocrx_word' id='word_1_165' title='bbox 410 3459 586 3536; x_wconf 88' lang='lat' dir='ltr'><strong>minores</strong></span> <span class='ocrx_word' id='word_1_166' title='bbox 609 3472 757 3552; x_wconf 84' lang='lat' dir='ltr'><strong>essent,</strong></span> <span class='ocrx_word' id='word_1_167' title='bbox 791 3483 911 3560; x_wconf 83' lang='lat' dir='ltr'><strong>quam</strong></span> <span class='ocrx_word' id='word_1_168' title='bbox 930 3472 975 3534; x_wconf 88' lang='lat' dir='ltr'><strong>ut</strong></span> <span class='ocrx_word' id='word_1_169' title='bbox 996 3461 1231 3558; x_wconf 84' lang='lat' dir='ltr'><strong>promissae</strong></span> <span class='ocrx_word' id='word_1_170' title='bbox 1254 3467 1295 3540; x_wconf 94' lang='lat' dir='ltr'><strong>in</strong></span> 
     </span>
     <span class='ocr_line' id='line_1_26' title="bbox 160 3557 1295 3660; baseline 0.005 -24"><span class='ocrx_word' id='word_1_171' title='bbox 160 3557 336 3657; x_wconf 80' lang='lat' dir='ltr'><strong>singulos</strong></span> <span class='ocrx_word' id='word_1_172' title='bbox 355 3558 499 3636; x_wconf 89' lang='lat' dir='ltr'><strong>milites</strong></span> <span class='ocrx_word' id='word_1_173' title='bbox 519 3561 777 3660; x_wconf 63' lang='lat' dir='ltr'><strong>maffahudini</strong></span> <span class='ocrx_word' id='word_1_174' title='bbox 794 3558 1044 3658; x_wconf 84' lang='lat' dir='ltr'><strong>sufficerent,</strong></span> <span class='ocrx_word' id='word_1_175' title='bbox 1082 3562 1295 3642; x_wconf 87' lang='lat' dir='ltr'><strong>distribuit</strong></span> 
     </span>
     <span class='ocr_line' id='line_1_27' title="bbox 160 3661 1293 3765; baseline 0.009 -27"><span class='ocrx_word' id='word_1_176' title='bbox 160 3664 252 3760; x_wconf 81' lang='lat' dir='ltr'><strong>(Dio</strong></span> <span class='ocrx_word' id='word_1_177' title='bbox 269 3665 371 3740; x_wconf 86' lang='lat' dir='ltr'><strong>Cass.</strong></span> <span class='ocrx_word' id='word_1_178' title='bbox 394 3665 474 3760; x_wconf 92' lang='lat' dir='ltr'><strong>lIL,</strong></span> <span class='ocrx_word' id='word_1_179' title='bbox 499 3673 569 3764; x_wconf 84' lang='lat'><strong>8.);</strong></span> <span class='ocrx_word' id='word_1_180' title='bbox 598 3665 761 3742; x_wconf 84' lang='lat' dir='ltr'><strong>Galliam</strong></span> <span class='ocrx_word' id='word_1_181' title='bbox 789 3661 1024 3764; x_wconf 88' lang='lat' dir='ltr'><strong>Cisalpinam</strong></span> <span class='ocrx_word' id='word_1_182' title='bbox 1052 3669 1293 3765; x_wconf 79' lang='lat' dir='ltr'><strong>(regionem</strong></span> 
     </span>
     <span class='ocr_line' id='line_1_28' title="bbox 161 3764 1292 3868; baseline 0.005 -26"><span class='ocrx_word' id='word_1_183' title='bbox 161 3765 495 3868; x_wconf 83' lang='lat' dir='ltr'><strong>Transpadanam)</strong></span> <span class='ocrx_word' id='word_1_184' title='bbox 514 3769 554 3842; x_wconf 94' lang='lat' dir='ltr'><strong>in</strong></span> <span class='ocrx_word' id='word_1_185' title='bbox 575 3765 758 3844; x_wconf 83' lang='lat' dir='ltr'><strong>fraudem</strong></span> <span class='ocrx_word' id='word_1_186' title='bbox 779 3767 940 3842; x_wconf 85' lang='lat' dir='ltr'><strong>Antonii</strong></span> <span class='ocrx_word' id='word_1_187' title='bbox 957 3764 1127 3844; x_wconf 91' lang='lat' dir='ltr'><strong>liberam</strong></span> <span class='ocrx_word' id='word_1_188' title='bbox 1152 3771 1292 3852; x_wconf 83' lang='lat' dir='ltr'><strong>deela-</strong></span> 
     </span>
    </p>
   </div>
   <div class='ocr_carea' id='block_1_3' title="bbox 62 3861 1290 4490">
    <p class='ocr_par' dir='ltr' id='par_1_3' title="bbox 62 3861 1290 4490">
     <span class='ocr_line' id='line_1_29' title="bbox 62 3861 1290 3988; baseline 0.01 -47"><span class='ocrx_word' id='word_1_189' title='bbox 62 3861 103 3988; x_wconf 82' lang='grc'><strong>’4</strong></span> <span class='ocrx_word' id='word_1_190' title='bbox 159 3869 258 3943; x_wconf 84' lang='lat' dir='ltr'><strong>ravit</strong></span> <span class='ocrx_word' id='word_1_191' title='bbox 290 3881 329 3944; x_wconf 84' lang='lat' dir='ltr'><strong>et</strong></span> <span class='ocrx_word' id='word_1_192' title='bbox 354 3865 486 3946; x_wconf 83' lang='lat' dir='ltr'><strong>ltaliae</strong></span> <span class='ocrx_word' id='word_1_193' title='bbox 511 3867 735 3948; x_wconf 88' lang='lat' dir='ltr'><strong>adscribens</strong></span> <span class='ocrx_word' id='word_1_194' title='bbox 757 3883 845 3944; x_wconf 95' lang='lat' dir='ltr'><strong>tum</strong></span> <span class='ocrx_word' id='word_1_195' title='bbox 866 3867 913 3944; x_wconf 84' lang='lat' dir='ltr'><strong>ab</strong></span> <span class='ocrx_word' id='word_1_196' title='bbox 933 3871 1054 3946; x_wconf 79' lang='lat' dir='ltr'><strong>Asinii</strong></span> <span class='ocrx_word' id='word_1_197' title='bbox 1076 3873 1290 3969; x_wconf 80' lang='lat' dir='ltr'><strong>Pollionis,</strong></span> 
     </span>
     <span class='ocr_line' id='line_1_30' title="bbox 92 3967 1288 4072; baseline 0.012 -31"><span class='ocrx_word' id='word_1_198' title='bbox 92 4007 95 4014; x_wconf 89' lang='lat'>·</span> <span class='ocrx_word' id='word_1_199' title='bbox 162 3967 348 4069; x_wconf 85' lang='lat' dir='ltr'><strong>praefecti</strong></span> <span class='ocrx_word' id='word_1_200' title='bbox 373 3970 420 4046; x_wconf 90' lang='lat' dir='ltr'><strong>ab</strong></span> <span class='ocrx_word' id='word_1_201' title='bbox 442 3973 634 4067; x_wconf 87' lang='lat' dir='ltr'><strong>Antonio,</strong></span> <span class='ocrx_word' id='word_1_202' title='bbox 666 3985 877 4072; x_wconf 88' lang='lat' dir='ltr'><strong>potestate,</strong></span> <span class='ocrx_word' id='word_1_203' title='bbox 911 3985 998 4048; x_wconf 88' lang='lat' dir='ltr'><strong>tum</strong></span> <span class='ocrx_word' id='word_1_204' title='bbox 1027 3977 1207 4055; x_wconf 91' lang='lat' dir='ltr'><strong>omnino</strong></span> <span class='ocrx_word' id='word_1_205' title='bbox 1236 4003 1288 4054; x_wconf 86' lang='lat' dir='ltr'><strong>ne</strong></span> 
     </span>
     <span class='ocr_line' id='line_1_31' title="bbox 164 4071 1287 4170; baseline 0.014 -26"><span class='ocrx_word' id='word_1_206' title='bbox 164 4071 225 4144; x_wconf 91' lang='lat' dir='ltr'><strong>cui</strong></span> <span class='ocrx_word' id='word_1_207' title='bbox 240 4073 552 4150; x_wconf 85' lang='lat' dir='ltr'><strong>Triumvirorum</strong></span> <span class='ocrx_word' id='word_1_208' title='bbox 567 4075 608 4148; x_wconf 94' lang='lat' dir='ltr'><strong>in</strong></span> <span class='ocrx_word' id='word_1_209' title='bbox 624 4099 711 4148; x_wconf 89' lang='lat' dir='ltr'><strong>eam</strong></span> <span class='ocrx_word' id='word_1_210' title='bbox 725 4076 784 4150; x_wconf 94' lang='lat' dir='ltr'><strong>ius</strong></span> <span class='ocrx_word' id='word_1_211' title='bbox 804 4087 916 4170; x_wconf 85' lang='lat' dir='ltr'><strong>esset,</strong></span> <span class='ocrx_word' id='word_1_212' title='bbox 929 4075 1160 4160; x_wconf 76' lang='lat' dir='ltr'><strong>immunem</strong></span> <span class='ocrx_word' id='word_1_213' title='bbox 1181 4079 1287 4160; x_wconf 85' lang='lat' dir='ltr'><strong>fecit</strong></span> 
     </span>
     <span class='ocr_line' id='line_1_32' title="bbox 163 4172 1286 4276; baseline 0.008 -28"><span class='ocrx_word' id='word_1_214' title='bbox 163 4172 254 4270; x_wconf 87' lang='lat' dir='ltr'><strong>(Dio</strong></span> <span class='ocrx_word' id='word_1_215' title='bbox 269 4175 456 4274; x_wconf 76' lang='lat' dir='ltr'><strong>Casslll„</strong></span> <span class='ocrx_word' id='word_1_216' title='bbox 475 4186 531 4256; x_wconf 73' lang='lat'><strong>19„</strong></span> <span class='ocrx_word' id='word_1_217' title='bbox 546 4176 707 4276; x_wconf 85' lang='lat' dir='ltr'><strong>Appian.</strong></span> <span class='ocrx_word' id='word_1_218' title='bbox 721 4181 767 4272; x_wconf 94' lang='lat' dir='ltr'><strong>V,</strong></span> <span class='ocrx_word' id='word_1_219' title='bbox 783 4187 844 4258; x_wconf 65' lang='lat'><strong>22</strong></span> <span class='ocrx_word' id='word_1_220' title='bbox 856 4175 942 4254; x_wconf 86' lang='lat' dir='ltr'><strong>coll</strong></span> <span class='ocrx_word' id='word_1_221' title='bbox 957 4186 992 4257; x_wconf 78' lang='lat'><strong>3.</strong></span> <span class='ocrx_word' id='word_1_222' title='bbox 1018 4182 1192 4260; x_wconf 81' lang='lat' dir='ltr'><strong>Pactum</strong></span> <span class='ocrx_word' id='word_1_223' title='bbox 1207 4183 1286 4259; x_wconf 90' lang='lat' dir='ltr'><strong>hoc</strong></span> 
     </span>
     <span class='ocr_line' id='line_1_33' title="bbox 161 4275 1283 4384; baseline 0.01 -36"><span class='ocrx_word' id='word_1_224' title='bbox 161 4275 441 4376; x_wconf 87' lang='lat' dir='ltr'><strong>menselulio.)</strong></span> <span class='ocrx_word' id='word_1_225' title='bbox 474 4279 624 4371; x_wconf 81' lang='lat' dir='ltr'><strong>Quibus</strong></span> <span class='ocrx_word' id='word_1_226' title='bbox 639 4277 803 4378; x_wconf 88' lang='lat' dir='ltr'><strong>quidem</strong></span> <span class='ocrx_word' id='word_1_227' title='bbox 816 4279 936 4354; x_wconf 88' lang='lat' dir='ltr'><strong>rebus</strong></span> <span class='ocrx_word' id='word_1_228' title='bbox 950 4278 1030 4356; x_wconf 89' lang='lat' dir='ltr'><strong>hoc</strong></span> <span class='ocrx_word' id='word_1_229' title='bbox 1054 4281 1214 4384; x_wconf 82' lang='lat' dir='ltr'><strong>effecit,</strong></span> <span class='ocrx_word' id='word_1_230' title='bbox 1241 4298 1283 4362; x_wconf 89' lang='lat' dir='ltr'><strong>ut</strong></span> 
     </span>
     <span class='ocr_line' id='line_1_34' title="bbox 165 4379 1284 4490; baseline 0.013 -38"><span class='ocrx_word' id='word_1_231' title='bbox 165 4379 330 4457; x_wconf 84' lang='lat' dir='ltr'><strong>senatus</strong></span> <span class='ocrx_word' id='word_1_232' title='bbox 353 4379 573 4480; x_wconf 83' lang='lat' dir='ltr'><strong>ceterique,</strong></span> <span class='ocrx_word' id='word_1_233' title='bbox 608 4379 751 4480; x_wconf 92' lang='lat' dir='ltr'><strong>quibus</strong></span> <span class='ocrx_word' id='word_1_234' title='bbox 771 4379 868 4457; x_wconf 93' lang='lat' dir='ltr'><strong>nihil</strong></span> <span class='ocrx_word' id='word_1_235' title='bbox 884 4381 1061 4487; x_wconf 84' lang='lat' dir='ltr'><strong>¹amplius</strong></span> <span class='ocrx_word' id='word_1_236' title='bbox 1086 4389 1284 4490; x_wconf 83' lang='lat' dir='ltr'><strong>eripieba-</strong></span> 
     </span>
    </p>
   </div>
   <div class='ocr_carea' id='block_1_4' title="bbox 0 0 1332 5000">
    <p class='ocr_par' dir='ltr' id='par_1_4' title="bbox 0 0 1332 5000">
     <span class='ocr_line' id='line_1_35' title="bbox 0 0 1332 5000; baseline 0 1"><span class='ocrx_word' id='word_1_237' title='bbox 0 0 1332 5000; x_wconf 95' lang='lat' dir='ltr'><strong> </strong></span> 
     </span>
    </p>
   </div>
  </div>
 </body>
</html>
