2634 5012
195 340 272 413 512
435 335 476 409 Ρ.
502 330 761 410 VIRGlLII
792 329 1064 408 MARONIS

192 523 307 598 Esset
318 517 480 616 robigo,
505 518 717 617 segnisque
732 515 917 592 horreret
930 519 970 592 iu
987 519 1083 593 arvis

196 619 390 701 Carduus:
417 622 619 696 intereunt
632 633 802 718 segetes3
828 620 935 696 subit
950 647 1084 722 aspera
1098 619 1190 716 silva,

193 729 246 801 La
276 749 431 825 pneque
444 723 675 826 tribulique3
702 723 884 824 interque
901 725 1064 799 nitentia
1080 723 1172 800 culta

193 751 334 906 Infelix
347 827 489 904 lolium
509 840 548 902 et
563 826 714 902 steriles
733 825 991 903 dominantur
1006 851 1155 904 avenae.

229 1035 277 1092 151
297 1031 390 1106 robigo
404 1033 525 1084 melioret
536 1033 667 1085 scribam:
685 1030 789 1152 lmbgw
803 1033 844 1085 bie
858 1032 885 1084 ic
897 1034 981 1086 Fastis
992 1035 1123 1086 Praenest.
1136 1050 1161 1102 p.
1171 1033 1222 1088 dist
1233 1032 1276 1084 edit

193 1107 264 1156 Suet.
278 1103 362 1156 Wolf.
384 1103 454 1168 Wr.)
477 1101 587 1154 dederat
605 1103 657 1154 hoc
677 1101 728 1154 iam
762 1103 892 1154 emmelin.
911 1103 1021 1155 ePalat.
1039 1114 1066 1155 et
1080 1103 1200 1154 revocarit
1213 1103 1276 1152 Ileias

193 1190 244 1242 pro
259 1172 365 1244 robigo.
401 1173 539 1224 horrescet
556 1174 623 1225 Ven.
703 1173 753 1226 153
771 1170 916 1242 triboliqoe
930 1174 1006 1224 Ronr.
1021 1173 1116 1224 Medic.
1131 1171 1223 1223 arsat
1248 1172 1276 1222 Sic

195 1243 274 1294 etiam
297 1245 394 1308 Georg.
411 1243 454 1302 111,
471 1243 531 1296 385.
567 1243 662 1308 (Quum
681 1241 774 1304 modo,
798 1241 891 1292 iisdem
909 1243 985 1294 codd.
1002 1243 1190 1311 obtemperans,
1211 1240 1276 1310 religo

193 1311 310 1381 lleyuius
326 1310 487 1374 exhibuerit,
504 1327 557 1362 non
570 1309 663 1372 video,
688 1324 734 1361 cor
750 1309 793 1362 hic
807 1309 901 1362 nitati
913 1312 1015 1362 exarari
1030 1312 1149 1362 noluerit.
1170 1312 1229 1376 ἢ]
1248 1329 1275 1360 n·

194 1383 285 1434 rencia
304 1381 380 1432 culta
392 1379 511 1431 Perrhae.
527 1391 553 1430 et
569 1379 610 1430 ed.
622 1379 731 1431 Mediol.
766 1379 820 1431 Sed
834 1379 886 1430 vid.
900 1381 985 1431 Burin.
1006 1382 1040 1432 ad
1056 1384 1151 1449 Georg.
1162 1381 1191 1443 11,
1201 1383 1239 1434 ttt
1252 1383 1276 1430 Ar

193 1451 272 1502 radis
286 1453 386 1502 enituit
396 1449 512 1520 impulso
526 1467 633 1500 vomere
644 1465 764 1518 cornpur.
800 1449 881 1500 Obvia
895 1461 966 1512 sunt,
987 1453 1078 1502 nitere
1089 1468 1154 1519 quae
1167 1451 1276 1506 caluerat

193 1519 313 1590 equalere
327 1529 354 1570 et
369 1519 477 1569 horrere
489 1517 603 1582 inculta,
627 1517 678 1568 ista
694 1535 752 1568 eoae
771 1518 845 1568 laeto
862 1518 1003 1586 adspectu,
1020 1519 1087 1572 haec
1104 1519 1189 1572 tristia.
1244 1519 1276 1570 ttt

193 1600 346 1641 noscuntur
358 1589 453 1638 Morct.
469 1605 520 1640 acc.
534 1605 566 1639 ex
580 1585 634 1640 Ecl.
647 1589 682 1652 V,
697 1589 741 1643 37.
759 1586 805 1640 abi
816 1587 887 1640 idem
901 1605 999 1640 versus.
1108 1613 1111 1619 ·

192 1763 254 1822 late
283 1781 401 1842 serpere
422 1772 453 1822 et
475 1780 575 1823 semen
598 1781 735 1840 quoqua—
776 1761 829 1842 pili
841 1762 873 1822 in
886 1764 1049 1823 metuentis
1063 1782 1190 1844 corpore,
1207 1761 1275 1838 itaque

193 1867 297 1908 versus
311 1847 501 1909 disseminare
513 1849 602 1924 solet5
624 1867 663 1906 ex
671 1867 734 1908 uno
777 1857 808 1906 et
836 1849 955 1928 spinosa
982 1850 1126 1929 virgulta
1169 1849 1225 1912 152
1241 1846 1275 1902 el-

193 1933 273 1992 enim
291 1934 410 1994 seminis
428 1956 521 2014 grano
541 1933 647 2014 viginti
658 1952 734 2011 qua-
776 1955 849 1994 vom
863 1943 952 1994 vocat
965 1935 1086 2015 lappas,
1109 1934 1174 1994 lolia
1190 1941 1240 2005 etc,
1255 1937 1275 1986 ut

192 2027 265 2078 tuor
289 2019 407 2094 millia,
443 2022 564 2099 primo,
601 2019 735 2096 adeoque
777 2039 821 2078 vs.
836 2023 876 2084 76
888 2020 1075 2100 leguminum
1087 2022 1190 2079 servan
1198 2038 1275 2076 mnin-

193 2103 350 2182 quinquies
361 2105 465 2163 millies
480 2105 634 2164 ducenties
646 2123 735 2162 sexa-
767 2117 851 2180 rem,
873 2125 907 2164 ea
919 2105 1013 2181 subu,
1038 2106 1170 2166 succedit
1187 2106 1274 2178 insege

192 2187 253 2270 giee
262 2198 387 2248 centena
398 2191 489 2249 millia
498 2187 733 2272 (526‚000‚000)
777 2189 816 2248 tis
830 2191 938 2251 locum.
984 2193 1058 2256 153.
1081 2194 1189 2270 lappae
1202 2186 1275 2248 noui

192 2285 354 2354 pacorum
368 2275 553 2336 seminalium
565 2276 660 2335 altero
678 2295 733 2334 an-
775 2275 903 2336 Kletten.
952 2277 1067 2336 Plinius
1104 2273 1236 2358 ἀπαρίνην
1250 2273 1276 2328 itt

192 2379 233 2418 no
259 2359 388 2440 produci
414 2381 501 2441 possa
533 2361 640 2422 aiunt:
670 2360 732 2420 vid.
774 2359 917 2421 reddidit
945 2362 1007 2422 vid.
1032 2363 1155 2422 Martia.
1181 2359 1214 2418 ad
1228 2355 1275 2416 h.l

192 2443 314 2506 Martin.
333 2451 448 2524 regma,
470 2447 523 2526 qui
545 2447 635 2508 efficit
647 2465 733 2524 segne
775 2445 893 2522 ocuti,
925 2448 1026 2528 spinae
1043 2469 1151 2529 genus,
1175 2447 1202 2506 in
1218 2442 1276 2530 Iuli!

193 2551 246 2591 seu
267 2531 424 2608 retardat,
454 2533 493 2592 od
522 2533 733 2614 quodcumque
776 2531 925 2610 frequens.
946 2535 1057 2592 lolium
1075 2533 1180 2594 nostris
1197 2529 1275 2594 LIII,

193 2616 394 2694 adhaerescit3
416 2628 517 2678 tenax.
546 2618 673 2692 Quoties
685 2627 735 2676 ta-
776 2615 881 2678 lolium
899 2619 1102 2680 temulentum
1121 2620 1205 2690 Lina„
1222 2609 1275 2690 aire

192 2723 262 2764 meu
278 2703 318 2764 ad
337 2701 400 2762 h.1.
421 2705 528 2778 redeo,
550 2704 735 2783 interpreta—
777 2701 840 2764 vid.
861 2705 994 2784 Geopon.
1013 2705 1059 2782 ll,
1081 2705 1131 2769 43.
1157 2701 1239 2762 Galea.
1252 2695 1275 2753 lt

191 2789 305 2848 tionem
311 2789 407 2848 sentio
417 2790 557 2848 subtilem
568 2789 660 2874 magis
674 2807 736 2848 eece
776 2785 865 2850 Atm.
879 2791 962 2850 Iacl
976 2791 1032 2850 ult.
1058 2791 1133 2850 Plin.
1145 2787 1232 2858 XVIII,
1243 2785 1275 2848 tr.

192 2893 283 2952 quam
296 2893 408 2934 veram.
445 2875 636 2950 Virdomaro,
657 2873 735 2934 llei-
777 2893 799 2932 e.
818 2877 868 2938 17.
894 2877 1018 2953 castelle,
1047 2877 1162 2950 sterile,
1185 2883 1214 2933 ut
1217 2869 1276 2948 sciit

193 2968 303 3034 erotto,
325 2979 360 3019 eo
374 2961 546 3037 revocabat,
568 2960 651 3040 quod
665 2981 734 3020 cer-
776 2959 867 3018 arbor
884 2981 940 3041 pro
963 2962 1117 3040 frugifera.
1142 2959 1195 3020 rid.
1207 2957 1276 3031 tntpn.

194 3043 273 3103 duus
291 3055 427 3106 aratrum
451 3065 505 3106 seu
529 3055 661 3106 ausuum
682 3065 730 3106 re·
775 3044 815 3104 ad
828 3045 913 3106 Grat.
928 3048 1037 3127 Cyneg.
1058 3047 1121 3112 442
1135 3055 1164 3104 et
1179 3045 1209 3102 el.
1227 3039 1275 3117 lpi-

192 3128 304 3188 tardat
348 3131 408 3190 Sed
419 3141 553 3210 praestat
566 3151 687 3192 manare
700 3131 732 3192 in
773 3129 883 3190 theton
897 3131 970 3208 hoc,
993 3143 1148 3212 tamquam
1159 3126 1276 3206 Virgilium

192 3214 318 3294 simplici
350 3216 467 3276 ratione
495 3237 514 3276 c
539 3219 643 3278 Servio
672 3218 731 3276 iam
774 3226 929 3276 auctorem
945 3239 1117 3298 agnoscens,
1129 3211 1275 3300 laudatPIie¹

192 3299 320 3360 tr'adita:
341 3304 441 3378 segnia
462 3302 608 3380 caederes,
635 3303 731 3362 inuti-
773 3303 870 3378 XXII,
884 3308 966 3366 s.77.
989 3327 1090 3364 avena
1103 3324 1157 3386 pro
1168 3303 1275 3360 ouant

192 3385 250 3461 lis,
276 3385 463 3448 insecundue.
513 3387 590 3448 Nem
615 3392 728 3467 regnae,
772 3388 849 3448 vitio
877 3389 948 3448 olim
976 3387 1104 3466 habita,
1131 3399 1165 3448 ut
1183 3395 1208 3444 et
1224 3382 1275 3440 lter·

192 3492 212 3530 a
230 3483 319 3531 motu
338 3469 480 3550 ductum,
508 3473 548 3532 od
570 3484 671 3534 motus
686 3475 731 3534 es·
774 3471 865 3532 doum
882 3475 915 3534 in
935 3494 1000 3534 eam
1015 3475 1186 3557 degenerare
1198 3466 1273 3528 crede·

192 3558 288 3617 fectrrc
318 3557 513 3618 traducitur:
555 3559 600 3619 sic
625 3579 731 3638 regnes
772 3569 857 3634 rent,
885 3560 949 3620 vid.
976 3561 1052 3622 Plin.
1073 3559 1179 3633 XVIII,
1196 3553 1274 3624 tl‚¹;

192 3655 285 3702 term
299 3642 350 3703 Ge.
365 3643 402 3716 ll,
416 3647 467 3720 37,
489 3663 565 3724 quac
586 3665 649 3704 non
662 3665 730 3704 mo·
772 3643 824 3704 sed
841 3645 1021 3724 peculiarem
1037 3646 1172 3719 herbam,
1196 3640 1232 3700 sui
1242 3653 1272 3692 ⁵*

191 3738 318 3805 ventur,
347 3729 504 3806 coluntur,
528 3730 661 3808 adeoque
675 3737 733 3790 nec‘
771 3729 874 3806 minis,
910 3751 971 3790 esee
991 3733 1102 3792 docent
1122 3725 1272 3790 montore

191 3815 289 3895 fruges
317 3815 429 3875 tenuit
465 3817 537 3895 Sup.
557 3819 600 3880 72
631 3819 732 3895 segnis
773 3815 916 3896 Respexit
931 3815 962 3876 lr.
979 3818 999 3878 l.
1014 3819 1088 3878 Plio.
1102 3814 1197 3888 XVIII,
1212 3807 1272 3878 liri

61 3952 68 3970 ,
191 3921 338 3980 compares
375 3901 463 3960 Nunc
488 3903 521 3960 in
549 3901 638 3960 denso
671 3921 731 3960 non
773 3903 861 3960 Nam
885 3903 990 3962 mltum
1009 3917 1038 3963 et
1057 3903 1172 3964 ortatu
1188 3909 1211 3956 et
1224 3911 1271 3952 ov*

191 3987 313 4063 eegnr'or
339 3985 424 4046 ubere
450 3985 596 4046 Baetra
618 3985 670 4046 Ge.
692 3985 729 4062 ll,
772 3985 847 4044 door
861 3987 1031 4070 lappaeque
1044 3987 1271 4064 nonmogt'tffl

192 4069 264 4144 275,
286 4081 446 4150 proventu.
473 4072 527 4132 liet
542 4069 617 4130 adeo
630 4091 729 4150 segne,
771 4071 859 4131 mbos
879 4075 1094 4154 riderfmgum
1116 4068 1216 4130 morbos
1229 4081 1271 4140 po

192 4153 275 4232 qaod
293 4155 336 4213 nil
358 4157 459 4236 gignit.
493 4157 633 4232 honeret,
661 4177 732 4216 cum
773 4159 849 4232 oua,
880 4181 975 4238 quam
997 4163 1070 4219 niter
1090 4159 1179 4236 iperio
1204 4165 1271 4208 m

191 4240 232 4314 vi,
253 4258 309 4320 pro
323 4252 480 4302 cresceret:
502 4251 649 4322 quotenus
659 4241 731 4300 Iron-
768 4256 881 4321 pratee,
909 4247 1129 4306 nonumvor'm.
1173 4235 1269 4296 &rtet

190 4325 358 4402 rerepoetis
374 4326 517 4389 dicuntur
530 4327 732 4405 omnio,'quae
764 4327 899 4408 [ηψπ
934 4333 1140 4410 vimarwnqae
1170 4321 1267 4382 mun,

191 4417 289 4466 erecta
311 4417 408 4484 stant,
439 4423 492 4474 aut
518 4414 665 4487 eminent,
696 4421 733 4472 ut
774 4415 859 4474 nollo
874 4419 1105 4478 mammeam
1117 4424 1165 4486 est,
1184 4404 1267 4478 ’Μ
