2606 5008
193 1257 892 1376 PROOEMIUM.-

19 1646 72 1774 hd
85 1677 259 1806 Georgica
276 1705 488 1786 facetum
509 1707 609 1786 illud
629 1732 673 1785 ac
690 1649 859 1806 molle,
887 1705 999 1810 quod
1017 1733 1090 1810 pe-

18 1817 108 1898 culini
121 1825 244 1931 aliquo
261 1835 467 1908 Musarum
481 1854 653 1908 munere
666 1828 830 1930 Vlrgilio
856 1853 1090 1908 concessum

18 1941 71 1999 tate
86 1929 256 2009 Horatius
271 1947 473 2012 memorat
489 1937 546 2032 ¹⁸¹),
574 1933 740 2035 proprio
763 1932 939 2036 quodam
960 1935 1088 2010 modo

17 2042 144 2122 spectare
170 2037 339 2118 videtur.
391 2037 604 2116 Mollitudo
628 2036 795 2140 quidem
821 2061 868 2113 ex
895 2062 944 2114 eo
968 2039 1088 2136 venit,

17 2131 104 2246 ΨΜ,
126 2162 214 2216 cum
235 2143 430 2244 exquisito
450 2141 584 2245 aliquo
605 2155 646 2218 et
659 2165 923 2217 numerorum
940 2154 980 2217 et
999 2166 1089 2218 ora-

16 2237 94 2312 lonis
111 2242 211 2320 cultu
235 2247 374 2321 omnia
393 2245 591 2324 elaborata
615 2258 655 2321 et
678 2246 847 2346 expolita
868 2245 963 2340 sint,
989 2245 1089 2320 nihil

16 2329 84 2436 tun,
100 2345 217 2424 scabri
232 2362 276 2424 et
288 2348 460 2448 horridi,
482 2348 594 2452 quod
609 2349 650 2424 in
666 2347 801 2424 divino
816 2348 988 2424 Lucretii
1005 2374 1088 2424 car-

15 2441 84 2519 mine
101 2446 287 2549 offendit,
321 2477 525 2555 aspersum
553 2465 632 2546 est3
665 2451 787 2546 nihil,
822 2451 933 2552 quod
960 2452 1088 2528 otiose

15 2560 85 2621 acet
95 2565 154 2628 ant
168 2556 304 2633 utilius
318 2557 427 2637 absit.
462 2561 546 2634 Nec
561 2555 690 2635 modo
705 2548 924 2631 verborum
940 2551 1089 2630 dilectu

15 2649 212 2766 tuncrum,
227 2681 373 2736 verum
390 2660 508 2736 etiam
523 2659 811 2737 sententiarum
824 2658 1006 2750 veritate,
1026 2656 1088 2732 lu-

14 2769 130 2866 ureae
146 2763 316 2840 naturali
331 2761 518 2866 facilique
542 2777 583 2840 et
599 2777 692 2864 apto
712 2785 835 2856 nexu,
862 2760 1009 2858 ingenii
1026 2785 1087 2834 ar-

14 2859 96 2954 ltqoe
111 2864 269 2964 insignis
285 2865 415 2969 aliqua
430 2866 611 2964 felicitas,
639 2890 741 2967 quae
756 2865 797 2940 in
812 2863 975 2962 Virgilio
992 2875 1087 2960 erat,

12 2951 116 3062 effecit,
139 2983 183 3045 ut
195 2970 280 3046 leni
297 2995 341 3046 ac
359 2968 464 3046 facili
482 2995 599 3048 cursu
615 2969 751 3044 omnia
767 2965 955 3045 defluant.
1007 2969 1087 3042 Ha-

12 3053 72 3178 lent
83 3093 195 3169 porro
214 3073 365 3150 decus
385 3087 425 3151 et
440 3073 683 3152 excultam
702 3070 874 3174 aliquam
894 3069 1086 3168 elegan-

11 3173 99 3276 lttt1,
120 3178 176 3252 uti
191 3176 483 3274 Quinctilianus
497 3183 557 3278 **)
579 3175 685 3254 istud
701 3173 915 3252 facetum
934 3176 1085 3252 Horatii

11 3281 261 3375 otcrpretatur3
291 3305 383 3357 cum
401 3281 548 3359 scilicet
563 3282 604 3357 in
621 3292 856 3379 argumento
875 3293 957 3356 tam
973 3281 1085 3355 tenui

9 3373 183 3483 alumni,
212 3383 328 3488 quod
351 3383 402 3461 ad
420 3387 606 3462 rusticam
628 3383 816 3460 orationis
833 3385 1085 3484 asperitatem

8 3489 167 3588 ftsslopere
183 3513 271 3566 non
291 3488 418 3565 modo
435 3489 616 3591 patebat,
642 3487 770 3563 sedet
790 3483 1029 3563 deflectebat
1045 3496 1086 3559 et

7 3579 186 3689 retinebat,
215 3591 353 3669 omnia
368 3593 446 3668 sint
462 3592 578 3690 scite,
604 3591 790 3687 honeste,
807 3603 854 3666 et
868 3586 1086 3664 liberaliter

7 3691 135 3798 ljtoata,
166 3708 212 3773 ut
240 3693 433 3798 politum,
469 3695 646 3794 elegans,
684 3707 724 3770 et
749 3693 949 3770 urbanum
973 3690 1085 3786 inge-

7 3801 80 3866 num
95 3795 244 3900 ubique
264 3795 381 3876 facile
403 3822 599 3898 agnoscas.
650 3797 714 3875 Ad
734 3798 957 3874 iuncturam
980 3791 1083 3868 adeo

7 3889 174 4004 {ethorum
197 3901 338 3979 lenem
361 3927 405 3979 ac
425 3901 595 3980 mollem
617 3913 658 3978 et
678 3922 944 3978 numerorum
961 3893 1084 3970 artili-

7 4009 89 4098 oum,
110 4016 324 4110 totumque
347 4007 529 4084 carminis
550 4006 745 4102 nitorem,
780 4015 821 4080 et
843 4001 894 4077 ad
917 3999 1084 4076 cultissi-

44 4187 184 4260 'lm-1,
210 4199 260 4261 10,
283 4192 327 4252 44.
352 4194 387 4253 45
417 4197 498 4252 molle
540 4194 592 4250 vid.
635 4209 692 4262 sup.
735 4193 770 4246 de
804 4193 929 4245 carnaim
963 4187 1083 4244 bucolico

7 4259 56 4318 Ῥ
80 4260 194 4330 secatam
234 4267 352 4339 Virgilio
389 4267 497 4325 dnus·
539 4281 600 4336 pag.
622 4265 664 4320 to

7 4333 43 4372 ’ω
73 4335 215 4400 gaudenter
254 4355 320 4390 rure
359 4339 497 4392 Gammae.
608 4329 981 4402 ‘'llnatOr.V1‚8‚20·
