2654 5000
174 429 895 510 ADCARMINABUCOLICA
1038 439 1087 513 35
1170 527 1175 548 η

39 639 139 688 vnum
161 615 299 692 Italiam
324 614 478 714 fames,
525 641 651 719 quum
679 617 891 696 frumenta
909 637 1088 698 arcerent

37 719 190 816 Pompeius
210 734 247 795 ct
272 721 312 794 iu
328 721 443 795 Ionio
460 722 560 795 mari
573 723 770 798 Domitius
789 723 1086 801 Ahenobarbus.

36 825 125 894 llense
148 821 352 899 I'ebmario
396 824 630 899 Octavianus
658 821 839 926 repudlat
869 827 1087 925 Claudiam,

35 923 141 999 tulnae
156 922 276 1002 liliam.
327 932 424 1002 Post
445 925 525 1002 lroc
547 927 761 1028 repudium
785 927 926 1004 infensi
946 933 1087 1006 Lucius

36 1037 57 1098 u
71 1027 189 1124 Fulvia,
220 1031 285 1130 qui
310 1041 424 1104 antea
442 1029 640 1132 tranquilli
660 1029 817 1105 fuerunt
840 1046 883 1114 et,
900 1035 1025 1109 amico
1045 1036 1086 1108 in

36 1129 232 1206 Octavianum
256 1134 400 1212 animo.
430 1137 569 1209 Mense
583 1135 725 1210 Martio
744 1135 977 1211 Octavianus
995 1136 1085 1212 Gal-

37 1229 90 1304 litu
105 1234 315 1334 Cisalpinam
337 1239 396 1311 sni
413 1237 505 1311 iuris
522 1236 605 1310 vult
628 1237 826 1313 declarare
849 1239 890 1312 in
903 1237 1088 1322 fraudem

37 1337 151 1409 latonii.
194 1339 347 1414 Eodem
378 1340 517 1414 mense
543 1338 778 1415 divisionem
810 1364 995 1438 agrorum
1024 1363 1088 1438 ag-

37 1437 164 1536 greditur,
176 1443 345 1542 primum
361 1443 526 1544 quidem
541 1467 625 1518 non
641 1447 776 1521 XVIII.
792 1443 949 1519 illarum
962 1441 1087 1518 modo

37 1537 248 1644 minumae
266 1544 830 1644 ao.711.designataefi'1erant,
844 1547 914 1622 sed
930 1545 1089 1621 adiectis

39 1639 275 1744 aliispcrtotam
288 1650 439 1724 ltaliam
451 1649 542 1747 (Dio
560 1653 661 1727 Cass,
671 1653 750 1745 IIL,
769 1658 802 1727 6.
816 1657 890 1748 7.);
906 1673 982 1724 nec
993 1673 1088 1723 sou—
1150 1751 1152 1756 ,

36 1745 91 1820 lun
105 1751 232 1847 modo,
257 1751 328 1828 sed
351 1766 581 1828 senatorum
603 1753 721 1828 etiam
750 1764 789 1828 et
811 1751 979 1828 aliorum
1002 1753 1088 1826 sine

36 1845 82 1922 ullo
98 1851 313 1936 discrimine.
356 1853 479 1932 Multa
496 1855 667 1958 spoliatis
682 1854 839 1956 templis
852 1857 1001 1956 rapuit,
1018 1853 1088 1930 alia
1148 1936 1154 1968 ι

37 1965 133 2050 uutuo,
146 1959 195 2032 uti
215 1959 351 2056 aiebat,
368 1960 506 2034 sumsit
536 1961 714 2060 (Appian.
732 1963 1088 2056 V,15.14.2t.40.).

36 2053 196 2154 lliucgrave
210 2063 358 2142 odium.
386 2067 559 2139 Romam
570 2063 708 2138 turbae
727 2062 980 2162 expulsorum
997 2083 1088 2135 con-

36 2149 169 2258 luebant,
192 2167 370 2262 iuvenes,
401 2185 534 2261 senes,
559 2165 828 2266 mulieresque
845 2189 935 2240 canu
960 2162 1088 2239 infan—
1201 2242 1206 2251 ,

37 2257 106 2358 llus,
127 2268 209 2341 etin
227 2267 320 2344 foro
335 2281 375 2344 et
388 2293 462 2370 per
478 2265 626 2367 templa
642 2291 718 2343 con
743 2281 747 2290 ⁴
778 2269 989 2368 erebantur
1005 2268 1089 2342 eiu-

38 2355 208 2470 tumque,
241 2397 283 2448 se
309 2371 409 2446 nihil
445 2371 687 2447 commisisse
723 2385 952 2466 camantcs,
980 2364 1088 2470 'pelli

38 2477 115 2543 auten
128 2475 233 2570 agris,
258 2489 304 2550 ut
321 2475 431 2550 bello
452 2473 653 2549 deuictos.⁴⁴
690 2472 1089 2572 Condoluitpopulus

39 2569 175 2650 nirusus
196 2581 370 2674 Rornae,
422 2576 529 2657 same
568 2578 686 2651 etiam
725 2599 881 2676 pressus
909 2575 1088 2672 (Appian.

39 2667 63 2747 l
75 2681 132 2773 n).
178 2682 412 2757 Octavianus
432 2698 673 2856 quampuam
687 2677 949 2754 vehementer
963 2699 983 2750 a
998 2697 1090 2773 spo-

38 2763 155 2856 liatorum
174 2785 356 2859 comiciis
375 2783 512 2881 laesus,
520 2797 563 2858 tu
578 2785 608 2856 it
622 2795 756 2856 tamen
773 2777 1032 2858 contumelias
1045 2778 1090 2850 in

37 2879 138 2962 gutiam
151 2887 357 2984 exercituS,
386 2910 510 2988 quum
528 2889 599 2962 ista
615 2885 805 2962 divisione
820 2883 990 2957 militum
1008 2881 1090 2954 ani-

37 2985 155 3062 nossibi
172 2991 417 3089 obstringere
432 2987 552 3065 vellet
578 2990 758 3088 (Appian.
785 2991 832 3082 V,
865 2991 959 3081 1s.];
988 3007 1089 3084 quos

39 3093 192 3194 utcusibi
210 3096 326 3172 etiam
346 3093 571 3169 conciliavit
620 3095 681 3167 De
702 3088 930 3166 vehementi
955 3099 1089 3161 autem

40 3183 127 3264 uim
141 3193 224 3272 odio
240 3197 307 3276 cfr.
332 3199 410 3274 Dio
430 3201 531 3273 Cass.
552 3196 775 3290 XXXIIVII,
803 3203 836 3272 6.
862 3203 897 3270 7.
926 3199 958 3270 8.
989 3192 1089 3265 Sue-

40 3291 85 3362 ton,
101 3295 208 3379 Octav.
232 3325 263 3378 c.
291 3309 349 3379 13.
402 3303 509 3376 Dum
534 3296 634 3372 adeo
659 3297 763 3372 male
785 3295 967 3372 audiebat
990 3319 1010 3368 a
1036 3293 1090 3366 ci·-

40 3383 119 3500 tilius,
138 3404 218 3482 Luc.
243 3404 439 3479 Antonius
457 3415 496 3477 et
515 3398 650 3476 Fulvia
672 3413 759 3475 tum
779 3411 943 3502 propter
968 3419 1089 3512 repu3

43 3483 130 3571 latim
145 3505 183 3580 ab
199 3508 413 3584 OctavIano
433 3503 655 3598 Claudiam,
670 3515 777 3598 turn,
795 3529 845 3578 nc
860 3501 1002 3576 milites
1016 3493 1089 3568 solr

44 3585 186 3682 tudano
198 3609 275 3684 hoc
284 3607 527 3685 beneficium
536 3619 740 3706 acceptum
748 3603 945 3681 referrent
963 3601 1089 3674 etAn-

45 3697 123 3774 tuin
143 3733 271 3788 eorum
299 3711 436 3788 favore
462 3712 705 3812 privaretur,
739 3712 913 3810 primum
938 3697 1089 3776 differri

46 3791 167 3883 toletan
181 3815 411 3892 divisionem
430 3837 613 3912 agrorum
630 3816 669 3888 in
688 3813 848 3889 Antonii
864 3808 1088 3884 adventum.

48 3893 117 3980 iliad
135 3935 240 4011 quum
264 3945 338 4020 per
359 3915 611 3993 festinantem
640 3915 809 3991 militum
836 3907 1089 4010 cupiditatem
1160 3942 1180 3975 ι.

47 4005 68 4064 ‘¹
84 4003 240 4095 Octaviani
261 4021 439 4098 studium
460 4019 548 4095 illos
568 4017 772 4096 beneficiis
794 4043 836 4092 ac
857 4009 1088 4087 muneribus

49 4093 89 4174 llll
106 4121 303 4200 conciliandi
329 4123 417 4199 fieri
443 4147 526 4198 non
550 4145 667 4222 posse
697 4119 978 4218 intelligerent;
1013 4137 1088 4214 po·
1169 4121 1173 4130 '

49 4201 233 4328 sllllytrunt,
257 4243 303 4305 ut
318 4227 553 4305 Octavianus
574 4249 626 4301 nc
647 4223 754 4299 solus
779 4219 990 4316 divideret,
1017 4213 1090 4291 sed

52 4321 332 4429 51113Ψδθτιιιὶἀρῐη
356 4329 464 4405 solus
485 4327 689 4418 militibus,
722 4323 932 4422 Antoniani
956 4333 1088 4396 autem

52 4419 399 4510 ‘¹⁰ftll11sveteranos
422 4431 579 4508 Antonii
604 4430 735 4506 amicis
754 4431 794 4504 in
820 4425 991 4506 colonias
1017 4422 1089 4495 de·
1171 4501 1175 4516 ,

823 4573 883 4642 3*
