2758 4990
286 345 646 424 ononercon
671 347 859 444 unta,
883 351 1103 429 tao-504
1187 358 1262 432 679

130 534 217 634 Illa,
247 534 344 630 Quis
366 547 406 612 et
427 558 513 631 me,
539 531 688 634 inquit,
714 533 920 712 rgiselqam,
952 548 992 612 et
1013 547 1054 612 te
1074 535 1261 637 perdidit,

757 656 778 710 r
838 662 908 732 eu,

132 739 230 835 Quis
242 738 374 816 'tantus
387 735 526 816 furor?
557 741 619 814 En
634 663 969 818 iterumpcrudelia
982 755 1092 817 retro
1183 748 1260 824 495

129 847 225 919 Fata
239 855 402 940 vocant,
429 840 648 942 conditque
665 843 839 949 natantia
854 843 1005 920 lumina
1020 870 1195 928 somnne.

129 951 298 1048 Iamque
313 947 408 1025 vale.
449 949 576 1022 Feror
590 947 741 1044 ingenti
760 948 1001 1026 circumdata
1019 963 1150 1048 nocte,

128 1049 407 1152 Invalidasque
428 1049 499 1124 tibi
514 1049 703 1148 tendens,
729 1050 810 1128 beu
824 1076 909 1127 non
923 1065 1008 1149 tua,
1035 1051 1204 1154 palmas!

129 1154 250 1250 Dixit,
278 1167 381 1230 etex
394 1152 517 1229 oculis
536 1153 686 1250 subito,
714 1179 789 1231 ceu
802 1153 940 1232 fumus
956 1155 996 1230 in
1012 1181 1123 1232 auras

130 1257 364 1334 Conmixtus
381 1257 530 1350 tenuis,
558 1255 658 1356 fugit
678 1257 847 1346 diversa3
872 1283 1007 1361 neque
1022 1258 1153 1358 illum,
1181 1265 1258 1339 500

1 1432 3 1448 ,
128 1364 393 1438 Prensantem
414 1359 688 1462 nequidquam
705 1362 888 1462 umbras,
916 1377 956 1440 et
971 1361 1099 1440 multa
1117 1363 1257 1440 volen-

1 2068 3 2078 .
126 2031 240 2084 diversa
254 2031 283 2082 Μ
365 2050 426 2084 am.
440 2050 492 2086 reo.
519 2036 557 2102 (in
578 2034 693 2087 miniatii
712 2034 798 2086 liten'a
813 2048 853 2088 eet
866 2035 1090 2106 anpraacriptnm.
1113 2034 1174 2086 Wr-

126 1563 289 1661 Dicere,
314 1577 520 1667 praeterea
537 1563 651 1659 vidit3
678 1476 940 1670 nddnpiortitor
954 1569 1049 1646 Orci

127 1667 310 1772 Amplius
328 1666 526 1744 obiectam
542 1693 678 1769 passus
691 1672 856 1748 transire
870 1671 1073 1774 paludem.

130 1771 238 1868 Quid
254 1769 429 1850 faceret?
456 1795 537 1874 quo
553 1796 596 1849 se
610 1785 723 1875 rapta
738 1775 799 1850 bis
814 1776 983 1875 coniuge
994 1772 1144 1853 ferret?

183 1960 254 2029 (494.
275 1965 298 2014 O
320 1962 582 2044 'beoabtediaam
599 1983 654 2047 pn}
681 1965 753 2018 idem
762 1967 901 2038 perdedit.
920 1965 995 2034 Μ.)
1064 1964 1117 2019 ὁω
1127 1959 1257 2098 suqitAq'n

83 2126 86 2130 ·
125 2109 213 2154 terum
230 2119 289 2152 eum
303 2102 410 2170 poetico
429 2119 478 2153 mu
497 2103 625 2156 convenit.
695 2105 745 2160 ⁵01
767 2108 944 2158 Preraontem
962 2105 1047 2169 Leid,
1070 2102 1151 2156 nolito
1173 2058 1256 2152 mord

126 2171 182 2251 504
199 2189 253 2240 quo
270 2189 301 2222 aa
314 2183 410 2252 proptu
423 2171 518 2254 Medio.
540 2191 556 2224 a
573 2191 607 2224 m.
623 2191 676 2226 aec.
690 2173 1139 2296 Ι,183ὶοῑίρποξξ·ἱε.ι·αρενο(10000,
1156 2180 1255 2234 morte3

126 2240 282 2312 carpende
295 2255 330 2294 rr.
349 2241 423 2308 Wr.)
459 2239 500 2295 bra
523 2255 689 2314 raptanonn
751 2243 821 2316 apud
852 2263 954 2299 terrum.

1 2427 2 2432 1
127 2397 321 2474 oalamitatia,
348 2407 402 2458 aut
421 2415 523 2464 rerum
541 2417 672 2457 conver·
714 2421 745 2462 ae
758 2421 797 2462 ex
811 2421 921 2462 aroana
938 2401 985 2476 vi,
1015 2421 1075 2478 qua
1087 2399 1177 2459 Pluto
1190 2398 1255 2456 Eu-

1 2493 3 2509 *
126 2481 233 2557 aionis,
262 2501 349 2563 saepe
366 2502 421 2562 per
435 2483 508 2542 caeli
523 2483 671 2562 fragorem
713 2487 839 2567 rydicen
873 2488 905 2546 in
943 2485 1074 2545 Erebum
1114 2479 1254 2543 retrahit.

126 2589 164 2628 ae
174 2570 295 2628 tonitru
306 2568 495 2648 significatae,
512 2569 583 2628 love
595 2588 673 2646 quar
713 2572 848 2632 Eandem
868 2571 930 2630 vim
951 2591 1106 2644 moenam,
1135 2588 1194 2647 qua
1215 2567 1255 2626 ad

1 2657 2 2664 ’
126 2656 154 2714 ai
168 2655 359 2734 indignante,
380 2654 499 2734 repetit.
543 2654 672 2714 Eetuti·
712 2656 926 2717 retrahendam
940 2655 1071 2735 puellam
1091 2673 1166 2734 opua
1179 2662 1254 2729 mat,

126 2759 187 2820 que
214 2739 437 2820 badigraabmadi
462 2740 564 2819 potina
591 2739 671 2816 Orci,
713 2763 786 2803 mox
808 2741 965 2802 contendit
989 2741 1173 2800 declaratam
1192 2755 1257 2799 erae
1339 2739 1343 2748 '

126 2845 218 2906 quem
231 2825 416 2886 laetabundi.
449 2825 533 2884 ldem
547 2825 596 2886 vir
611 2824 670 2884 do·
711 2849 767 2910 per
779 2829 928 2890 furorem:
949 2829 1017 2908 qnia
1036 2825 1255 2904 tantmsnror!

127 2922 196 2972 ctua
212 2911 373 2972 Miltonnm
387 2919 558 2992 comparat,
581 2931 670 2990 quem
754 2913 828 2980 495.
853 2915 946 2993 Quia,
977 2915 1045 2994 quia
1061 2910 1256 2990 winoesrour

1 3015 3 3044 ὲ
126 2998 191 3058 vid.
209 2999 359 3058 Parodana
381 3000 438 3058 tort
456 2999 670 3075 1x‚782sqq.
705 3001 862 3078 perdidit,
886 3018 963 3078 qnae
977 2996 1191 3080 imprudentia,
1204 2996 1254 3055 in·

129 3089 215 3148 1000
230 3105 293 3162 sqq.
337 3083 522 3143 Praesidium
549 3092 672 3142 aenten-
712 3087 928 3165 temperantia,
957 3085 1019 3146 soil.
1044 3083 1172 3144 amantia
1192 3080 1255 3140 Or·

126 3171 187 3230 tiae
213 3189 284 3230 auae
316 3170 437 3229 Servius
464 3169 567 3228 adiicit
594 3167 670 3228 boc:
711 3169 799 3253 pliei,
827 3172 878 3252 qui
897 3180 1079 3251 respexerat.
1101 3173 1174 3248 Sup.
1189 3165 1254 3231 488

127 3257 286 3334 „nunnus
304 3253 336 3316 in
358 3251 480 3335 Orpheo
498 3255 572 3316 dicit
592 3263 671 3314 atre-
713 3267 780 3316 erat
790 3257 949 3318 demonem.
975 3266 1005 3316 et
1021 3255 1187 3318 amantium
1203 3252 1254 3312 in-

127 3341 227 3422 pitnm
239 3343 353 3401 sactum
365 3337 512 3402 redeunte
521 3339 672 3420 Eurydice
713 3343 798 3404 rania
818 3344 936 3422 quotie·
953 3363 1016 3404 aon
1042 3351 1088 3402 eat
1106 3340 1255 3400 celebrata

129 3427 169 3486 ob
181 3425 257 3504 boc,
280 3428 351 3506 qnia
361 3427 499 3506 gomlent
513 3449 534 3486 a
547 3427 671 3485 ἰαωνε-
712 3447 767 3508 per
798 3450 865 3490 voc.
888 3430 1018 3508 sarem,
1046 3428 1148 3506 furor.
1183 3421 1253 3507 (ita-

128 3515 234 3572 lictam
255 3510 371 3594 (forte,
392 3511 560 3588 reductam,
587 3533 672 3574 reue-
712 3535 780 3576 mm
793 3545 837 3560 -
850 3525 941 3588 noo,
968 3512 1031 3573 rid.
1057 3509 1193 3571 Huecbk.
1214 3509 1254 3568 ad

128 3597 223 3680 emm)
248 3598 437 3677 Euqda'oen,
470 3601 576 3656 itemm
601 3619 671 3674 epe·
713 3599 948 3675 Tibult.11‚6,6.
974 3593 1063 3678 Wr.)
1105 3595 1178 3661 496·
1193 3615 1254 3654 Μ·

126 3697 228 3742 ramea
247 3683 386 3761 Orphea,
411 3685 558 3742 Mmaee.“
580 3681 671 3742 Vides
712 3687 940 3744 tamtatwnina
952 3728 961 3759 ,
990 3681 1182 3758 moribundi,
1203 3681 1253 3740 in-

128 3769 161 3830 in
172 3767 232 3828 boo
245 3769 416 3848 exemplum
426 3767 588 3847 argutiolae
602 3768 672 3826 imi-
713 3780 797 3830 certo
809 3771 870 3830 iam
882 3778 969 3828 motu
986 3767 1183 3843 fluctuantia,
1204 3787 1253 3825 aa·

129 3855 252 3915 tationis
271 3855 373 3926 studio
394 3853 552 3930 mbortae3
573 3854 672 3914 buca·-
714 3857 754 3916 tia
770 3857 873 3915 avirir
889 3854 987 3914 doctis
1009 3854 1159 3913 illustrata
1172 3861 1252 3912 runt.

129 3961 188 4000 nna
208 3941 404 4018 pro-fragore
421 3939 615 4006 exultationis
629 3939 672 3997 ai-
713 3941 885 4002 Praeiverat
897 3937 1143 4013 tuerenttttto
1163 3935 1254 3998 Nam

128 4024 672 4108 gnumeditummmaveraqitaenim
714 4029 802 4086 nardi.
830 4025 906 4107 (nbi
925 4025 987 4086 vid.
1009 4025 1127 4086 Wakef.
1156 4022 1252 4104 Wr.)

129 4131 213 4193 apem
239 4112 350 4170 saetam
378 4109 533 4186 Manibus,
560 4112 671 4170 iterum
713 4113 908 4172 turmarum
919 4111 1019 4171 oculor
1033 4122 1181 4186 nomer,
1195 4106 1252 4191 ὅμ-

129 4197 270 4258 audiendi
286 4195 409 4276 Orphici
430 4205 543 4256 eantur.
564 4195 671 4274 Aliam,
715 4221 793 4279 ματα
806 4193 903 4280 alypii,
923 4197 1031 4277 passim
1045 4195 1107 4256 viri
1119 4195 1211 4256 docti.

129 4305 192 4344 non
216 4285 441 4359 winemarum,
479 4283 532 4342 aed
557 4291 671 4342 certam
755 4280 828 4347 499.
850 4283 942 4362 sugit
967 4287 1000 4342 in
1024 4303 1117 4344 amus
1139 4293 1250 4356 termes,

130 4370 329 4443 sententiam,
363 4367 506 4448 proponit
536 4368 670 4428 Vossius:
713 4367 835 4428 utden.
856 4369 902 4445 V,
926 4367 989 4434 740
1017 4371 1149 4430 Dixerat
1169 4377 1252 4425 etto·

129 4455 249 4518 tonitru
261 4455 489 4516 subterraneum
499 4463 607 4516 natum
622 4473 671 4514 ea-
713 4455 783 4514 mdo
795 4453 890 4534 fiagit
908 4475 962 4514 een
970 4455 1083 4534 summ
1101 4455 1135 4512 in
1146 4473 1250 4528 mona,
