2654 5000
224 413 274 488 50
325 409 577 514 sponsu
610 407 781 484 enon
808 408 881 482 An
908 407 1081 484 canu
1106 407 1240 484 nuc,

224 593 291 674 cfr.
306 594 485 696 inprimis
498 618 551 672 vs
570 601 639 690 1⁰.,
659 591 732 694 ipsi
747 590 866 668 huius
879 593 949 668 viri
967 591 1142 692 dignitati
1159 591 1313 668 dandu

223 699 264 774 id
280 695 366 792 luit,
386 711 432 773 ut
444 697 524 772 hoc
537 719 698 773 cannen
714 697 755 775 in
768 689 902 772 fronte
915 698 1036 772 totius
1050 695 1172 772 libelli
1186 695 1314 793 leger

221 815 295 880 tur.
346 806 428 878 Nec
456 801 497 874 in
521 800 659 876 ceteris
685 798 840 896 Belegia
869 798 1099 876 ordinandis
1128 799 1313 875 consiliu

220 915 364 1005 poetae
381 901 605 978 desiderare
616 901 717 976 mihi
730 901 880 981 videor.
925 905 979 979 Ut
993 904 1100 979 enim
1116 903 1203 1004 ipsa
1217 906 1312 978 vari

191 1031 193 1038 ·
220 1020 318 1103 tate,
344 1007 679 1108 quae'plurimum
693 1004 814 1081 habet
828 1006 869 1081 in
880 1003 960 1081 hoc
971 1029 1119 1104 genere
1130 1007 1326 1082 suavitat

195 1115 198 1122 '
219 1109 423 1208 legentum
434 1111 589 1184 animos
606 1108 831 1206 delectaret,
858 1110 1135 1188 amoebaeis
1154 1113 1324 1185 carmin

220 1212 295 1288 bus
320 1217 355 1310 1,
381 1215 456 1308 ΠΙ,
482 1217 536 1311 V,
563 1215 652 1306 V11,
679 1215 749 1310 IX,
782 1213 1018 1312 interposuit
1045 1237 1142 1287 non
1175 1239 1327 1289 amos

219 1315 339 1392 baca
361 1318 417 1412 11,
443 1319 614 1412 IV‚'VI‚
640 1317 753 1408 V111;
782 1323 875 1390 nam
896 1315 974 1390 hoc
993 1315 1176 1416 quidem,
1206 1331 1295 1392 oct

219 1443 338 1514 vum,
350 1419 627 1517 speciemagis,
645 1442 766 1518 quam
779 1443 836 1514 re,
852 1417 1114 1494 amoebaeum
1126 1432 1197 1497 est.
1226 1420 1326 1496 Ecl·

218 1543 265 1619 ga
278 1527 321 1599 X.
335 1544 419 1595 non
437 1522 567 1620 potuit
584 1519 678 1617 aliu,
706 1545 826 1621 quam
838 1519 992 1618 ultimo,
1019 1521 1109 1597 loco
1128 1524 1244 1622 poni.
1302 1527 1324 1598 I

219 1621 443 1720 digerendis
459 1635 592 1699 nutem
609 1623 660 1700 ita
676 1623 737 1700 his
755 1623 992 1700 carminibus
1005 1637 1050 1700 ut
1063 1623 1293 1724 plmimum

218 1726 268 1800 ad
282 1739 456 1826 tempus,
549 1727 738 1824 osingula
761 1728 902 1829 scripta
922 1739 1031 1825 sunt,
1058 1727 1323 1804 accommod.

217 1829 289 1920 vit;
308 1829 383 1903 nisi
399 1851 480 1930 quo
525 1829 733 1928 primum
752 1845 843 1906 ante
861 1830 1065 1906 tertium
1088 1831 1278 1931 quintu

218 1955 314 2032 quo,
343 1945 382 2007 et
404 1955 591 2006 nonum
607 1945 698 2032 post
719 1934 980 2034 septimum
1003 1931 1222 2014 collocavit
1254 1940 1318 2010 fl·

217 2047 350 2110 autem
364 2039 426 2112 IX.
442 2047 655 2136 propterea
667 2033 825 2111 videtur
834 2038 1014 2137 proxime
1028 2050 1119 2114 ante
1133 2043 1179 2116 Χ
1196 2053 1241 2114 et
1251 2040 1325 2116 ult'

215 2161 329 2212 mum
351 2137 548 2238 posuisse,
586 2135 697 2240 quod
721 2138 775 2214 ob
793 2152 1105 2216 commemorata
1129 2141 1203 2217 alia
1220 2170 1325 2246 quae

217 2239 309 2316 dam
325 2241 496 2316 carmina
511 2240 702 2338 bucolica,
715 2239 783 2320 cfr.
797 2267 869 2322 vss.
888 2253 940 2324 28
951 2253 1065 2324 -29,
1093 2258 1134 2321 et
1148 2255 1200 2325 39
1212 2295 1260 2308 -
1271 2254 1322 2326 50

216 2343 264 2418 ab
279 2343 353 2420 hac
369 2342 603 2420 collectione
620 2343 789 2443 exclusa,
815 2347 848 2422 is
863 2346 974 2424 locus
985 2346 1079 2424 huic
1093 2351 1276 2448 carmini,
1304 2352 1314 2424 i

215 2446 307 2625 ipsp)
324 2471 452 2548 prope
474 2448 578 2522 exitu
598 2449 731 2549 operis
753 2449 964 2549 collocato,
997 2452 1171 2528 maxime
1192 2477 1322 2529 conve

215 2550 279 2626 nie
310 2563 356 2630 at.
416 2557 506 2648 Wr.)
