2758 4990
236 337 598 419 ouonercon
623 342 728 418 tut
751 343 817 440 ιν,
835 313 1069 423 err-aar
1132 353 1205 425 eu

74 525 245 601 Oceano
264 521 454 621 libemus,
481 525 545 603 ait.
588 526 715 604 Simul
732 528 814 628 ipsa
832 542 1018 629 precatur

74 628 371 730 Oceanumque
387 642 542 729 patrem
561 655 716 726 rerum,
735 631 1017 734 Nymphasque
1035 655 1206 733 sorores,
1284 653 1287 662 ·

73 733 255 810 Centum
277 755 379 830 quae
403 730 532 830 silvas,
562 746 723 810 centum
739 759 841 836 quae
861 732 1026 812 flumina
1039 751 1204 818 servant

73 837 163 910 Ter
176 831 332 934 liquido
349 833 558 912 ardentem
573 835 751 938 perfudit
764 849 923 915 nectare
941 843 1120 920 Vestam:

72 941 162 1012 'l’er
176 931 337 1013 flamma
355 937 404 1014 ad
423 961 627 1015 summum
644 943 737 1018 tecti
752 941 928 1018 subiecta
945 941 1094 1022 reluxit.
1127 949 1203 1024 385

71 1038 228 1118 Omine
246 1065 328 1142 quo
345 1038 510 1118 firmans
528 1045 723 1141 animum,
751 1045 806 1119 sic
825 1045 961 1148 incipit
978 1047 1079 1148 ipsa:

124 1147 196 1220 Est
213 1144 253 1218 in
273 1140 484 1245 Carpathio
499 1147 676 1249 Neptuni
692 1149 846 1246 gurgite
861 1161 986 1248 vates,

126 1289 215 1361 383.
239 1301 436 1377 servaram
520 1292 606 1365 387.
633 1306 757 1361 varus
776 1287 818 1364 C.
903 1273 908 1282 ’

107 1485 163 1542 888
181 1497 209 1538 et
242 1501 271 1540 oa
296 1487 383 1542 311333
397 1491 474 1544 Rom.
543 1491 596 1545 884
609 1489 756 1561 perfundit
766 1489 861 1544 Medic.
874 1492 978 1562 Meneg.
992 1509 1032 1561 pr.
1045 1491 1144 1546 Moret.
1151 1493 1203 1549 alt.

69 1573 139 1608 unna
153 1505 241 1607 Mead).
266 1495 330 1628 (1838
342 1577 361 1610 n
373 1559 402 1610 in
413 1557 562 1632 perfundit
575 1571 670 1630 puncto
683 1569 801 1612 notatum
814 1559 842 1612 in
861 1561 989 1614 Mediceo.
1010 1562 1081 1630 Wr.)
1148 1565 1200 1620 885

68 1621 186 1677 subluto
198 1625 293 1678 Medic.
304 1645 320 1678 a
336 1645 370 1679 ur.
383 1646 423 1698 pr.
437 1639 464 1680 et
479 1627 546 1680 Gud.
572 1628 705 1697 (sublecta
720 1629 813 1682 Medic.
826 1648 842 1682 3
855 1648 888 1682 m.
902 1649 967 1694 aee.;
980 1630 1051 1682 idem
1057 1633 1200 1702 stamnum

69 1703 101 1745 et
113 1696 201 1764 rectia.
224 1695 295 1762 Wr.)
330 1695 461 1748 subvecta
475 1699 569 1750 Moret.
582 1707 665 1767 quart.
680 1717 736 1750 cum
748 1699 841 1767 fragm.
853 1701 947 1752 Moret.
962 1700 1064 1752 Zulich.
1084 1702 1153 1754 conf.
1166 1703 1200 1754 38

68 1765 172 1832 Georg.
191 1765 240 1828 111,
257 1765 319 1820 etl.
386 1767 439 1821 ³86
454 1767 543 1834 firma
562 1768 669 1830 113813,
687 1769 707 1820 f.
721 1785 770 1838 pro
784 1769 911 1836 firmate,
929 1771 997 1822 coni.
1011 1771 1101 1822 Heine.
1120 1772 1201 1840 (apud

67 1833 184 1904 foggin.
198 1833 236 1886 aie
249 1843 379 1887 exaratum
391 1835 510 1887 invenio:
522 1837 590 1904 firm
608 1839 741 1898 33133333,
766 1837 814 1890 338
829 1838 913 1906 priori
924 1857 981 1892 voc.
997 1839 1091 1892 literae
1102 1839 1199 1892 331313-

67 1914 115 1956 tae
137 1921 192 1955 una
209 1921 289 1972 cupra
309 1904 436 1956 adiectae.
462 1905 535 1974 We.)
564 1905 696 1980 somene
716 1906 783 1959 Gud.
801 1925 818 1960 a
836 1925 870 1960 m.
892 1925 933 1980 pr.
966 1910 1026 1982 ipae
1044 1909 1098 1978 ed.,
1122 1927 1199 1981 quarn

68 1972 164 2026 Heiua.
183 1973 328 2040 tractabat,
345 1973 443 2027 vitium.

71 2113 268 2173 wdecim
280 2135 334 2176 vae
346 2117 516 2196 oblongum,
534 2137 618 2178 anaa-
659 2139 708 2193 τες
722 2116 793 2183 8331
806 2117 1004 2198 intelligendi,
1027 2120 1064 2180 cs.
1080 2141 1111 2181 v.
1124 2123 1204 2194 201.
1229 2147 1232 2153 ’

67 2199 617 2283 1333.318.111133333333111,Ρ.471Ε.
658 2203 771 2265 Verum
791 2206 856 2285 ipra
876 2205 942 2264 1333
958 2223 997 2264 ex
1016 2204 1198 2285 Orphicieet

68 2285 165 2344 Docta
198 2285 237 2344 83
267 2305 303 2346 33
341 2289 506 2367 disputatio
534 2291 616 2368 apud
659 2291 777 2352 Cratete
798 2293 870 2350 33113
897 2289 1024 2366 833331,
1051 2300 1120 2371 poet
1130 2291 1197 2351 113-
1295 2319 1302 2328 ·

67 2370 203 2432 Macroit
220 2371 263 2448 V,
279 2375 331 2436 21.
382 2376 454 2438 881.
481 2374 613 2452 Oceano,
656 2395 773 2436 merum
797 2377 885 2450 aliea,
921 2375 974 2452 qui
994 2375 1029 2433 id
1050 2376 1197 2455 prodide-

69 2457 348 2536 quippecommuni
363 2458 497 2518 omnium
516 2458 615 2520 flumi-
656 2470 744 2536 rant‚
777 2460 899 2538 Virgilio
921 2457 981 2518 hoc
1004 2461 1197 2539 suppeditare

68 2562 146 2602 num
170 2550 203 2601 et
222 2543 353 2604 sentium
371 2543 460 2624 patu'.
483 2543 615 2624 111389),
656 2545 795 2624 petuieae.
818 2545 896 2604 3331.
915 2543 972 2604 133.
996 2545 1137 2606 eServio
1155 2545 1196 2604 ad
1229 2606 1231 2616 ,

71 2629 135 2694 195
152 2647 216 2706 sqq.
234 2629 358 2689 etalibi.
389 2629 450 2688 11113
465 2649 549 2688 eacra
567 2629 615 2688 sr-
655 2651 685 2690 v.
700 2634 774 2694 868.
816 2633 889 2694 888.
909 2627 1080 2708 Nymphae,
1108 2651 1195 2690 aoro-

67 2714 157 2776 ciunt
169 2714 219 2772 alii
233 2714 275 2774 dii
302 2715 391 2774 etiam
412 2715 498 2790 alibi,
523 2715 614 2775 etiam
655 2733 703 2775 rea
716 2715 846 2795 Cyrenes
859 2714 989 2795 generali
1003 2715 1134 2790 notione,
1156 2716 1194 2776 ab

65 2799 102 2860 in
123 2798 300 2880 anaglyphia
324 2801 455 2879 antiquie
483 2800 613 2860 minores
656 2801 776 2861 Oceano
789 2821 882 2882 genua
900 2799 1059 2877 ducentae,
1083 2801 1195 2880 utipaa

66 2885 234 2946 maioribus
241 2907 250 2962 3
271 2884 302 2946 h.
322 2887 342 2947 l.
365 2887 454 2946 etiem
473 2885 613 2966 Nympha
655 2887 787 2967 Cyrene,
809 2885 923 2968 Hypsei
934 2885 956 2945 f.
970 2885 1006 2945 cf.
1021 2885 1061 2944 ad
1076 2905 1106 2946 v.
1120 2887 1193 2950 841.

65 2969 318 3052 libatNymphie,
347 2971 419 3031 dum
434 2992 536 3052 preces
550 2973 612 3052 Cy·
653 2985 783 3048 amant,
806 2971 951 3047 incolunt,
973 2980 1010 3030 ut
1023 2990 1194 3052 aaepepoe-

65 3077 141 3121 rene
159 3057 286 3116 1331138
301 3057 456 3118 Oceanum
472 3068 503 3118 et
516 3059 612 3138 Nym-
653 3059 777 3120 133131.
791 3079 821 3119 v.
838 3056 902 3123 459
923 3057 1051 3136 hydrum
1069 3077 1193 3117 aeman-

65 3141 144 3225 phaa
160 3141 322 3222 placandae
334 3141 412 3218 11113,
434 3145 485 3222 qui
498 3144 612 3223 flagitio
654 3148 816 3224 temrt’pae.
843 3142 915 3208 884.
935 3145 971 3204 V
966 3155 1072 3218 eatam,
1086 3143 1192 3224 iguem.

66 3230 101 3290 in
115 3227 286 3308 Eurydicen
298 3230 454 3289 commireo
472 3230 547 3290 iram
561 3250 611 3290 ea·
655 3230 727 3296 385.
741 3229 881 3306 33813313,
894 3217 1051 3288 3311131331
1062 3248 1102 3304 33,
1121 3229 1194 3288 emi·

65 3335 137 3375 rum
162 3314 195 3372 in
222 3334 253 3374 ae
278 3325 491 3376 commoverat.
539 3316 613 3375 Mox
654 3335 725 3374 cana
740 3325 771 3374 et
784 3315 917 3374 lambens
931 3315 1064 3374 lacunar.
1077 3314 1130 3376 Ge.
1142 3315 1191 3389 111,

66 3421 98 3460 v.
114 3403 177 3465 382
191 3399 328 3460 0333333
339 3410 384 3460 331
392 3397 483 3478 pater
493 3423 609 3460 rerum:
652 3399 714 3466 241
732 3401 816 3461 unda
826 3410 965 3461 33313333
978 3405 1101 3478 mierum
1120 3400 1192 3458 338-

65 3495 104 3546 31
118 3485 194 3546 3833
215 3487 337 3546 emnino
357 3495 484 3545 naturae
502 3505 612 3566 parens
652 3491 742 3546 133131
753 3509 888 3547 umnam.
928 3486 1001 3546 Erat
1015 3493 1117 3544 autem
1132 3483 1192 3545 hoc

65 3572 118 3632 1113
138 3571 254 3632 edatur.
296 3573 364 3632 1133
385 3572 523 3652 Virgilius
547 3591 611 3632 non
651 3573 742 3632 133311
765 3573 890 3648 ominis,
927 3579 964 3630 ut
994 3589 1081 3650 caepe
1105 3571 1191 3648 eliaa3

66 3679 106 3718 ex
125 3657 274 3734 Homero,
303 3657 357 3717 aed
376 3677 415 3716 ex
428 3657 525 3737 poetic
539 3656 610 3737 phi·-
651 3678 711 3737 quo
739 3659 837 3718 omine
865 3657 984 3716 firmata
1008 3657 1068 3716 1333
1085 3665 1190 3732 mater,

65 3742 271 3824 lotophemata
286 3743 516 3804 decantantibus
528 3741 609 3803 hau·
649 3753 686 3804 ut
708 3743 831 3804 concilii·
843 3742 890 3802 aui
912 3743 1027 3802 bonum
1048 3751 1190 3802 eventum

66 3831 138 3889 31333
168 3828 266 3890 videri
300 3830 396 3890 debet.
446 3831 553 3908 Segaur
577 3837 609 3890 et
650 3829 749 3889 331333
770 3827 971 3910 praeciperet,
999 3835 1036 3887 ut
1048 3827 1190 3888 Proteum
1226 3845 1240 3856 ³

66 3915 222 3996 Reyearda
252 3915 284 3974 in
313 3915 446 3975 Diatribe
476 3915 608 3976 academ.
649 3913 764 3990 adiret,
796 3933 891 3994 puero
911 3913 1044 3988 euadat,
1072 3931 1189 3992 exque

69 3999 178 4082 (1775)
190 4023 219 4081 Ρ.
235 4004 274 4066 81
289 4002 448 4080 deceptum
459 4001 610 4080 putabant
648 3999 887 4082 reparandorum
903 3999 1074 4058 examinum
1092 3999 1190 4060 ratio-

67 4086 222 4165 Virgilium
243 4086 490 4167 interpretatione
514 4107 610 4166 prava
651 4106 720 4148 uem
740 4085 913 4166 comperiat.
936 4081 998 4171 (-
1010 4087 1083 4149 886.
1104 4088 1185 4164 apra,

69 4171 276 4232 3333311138.
297 4176 329 4250 ξ,
350 4170 414 4236 246
442 4165 606 4250 Ὠκεανοῦ,
648 4171 711 4233 vid.
726 4171 765 4246 Q.
778 4171 814 4231 V.
837 4171 946 4246 XVIII,
964 4173 995 4246 2,
1012 4169 1042 4229 b.
1069 4169 1154 4253 Wr.)

69 4251 158 4339 13333
172 4255 289 4339 γένεσις
300 4253 447 4320 πάντεσσι
461 4255 605 4334 rimatur,
690 4261 762 4322 887.
783 4257 896 4317 Locum
915 4256 999 4316 huuc
1018 4275 1058 4315 ex
1079 4255 1137 4316 od.
1153 4257 1187 4332 8,

69 4361 137 4402 etun
150 4337 295 4408 3313333333
315 4341 462 4422 acceperit
479 4341 606 4402 ductum
648 4341 712 4408 864
737 4375 780 4388 -
805 4341 868 4408 384
890 4363 954 4422 aqq.
975 4341 1188 4402 adumbratum

71 4424 211 4492 33313333
243 4451 312 4492 3333
327 4440 430 4490 tamen
451 4423 604 4492 cintoria·
647 4447 726 4506 3333,
757 4447 859 4489 omnea
880 4430 1027 4490 viderunt
1045 4427 1186 4508 interpp,
