2730 5016
191 349 554 430 ououorcou
577 351 997 450 crunnus-451
1078 359 1155 436 575

15 540 178 640 l'urpis
195 537 280 614 ovis
296 551 422 616 tentat
436 539 603 633 scabies,
628 538 699 615 ubi
713 537 879 638 frigidus
898 541 1029 618 imber

15 643 155 718 iltius
171 643 222 719 ad
239 643 373 718 vivum
388 643 565 744 persedit
580 656 619 719 et
632 641 795 718 horrida
813 667 911 720 cano

15 752 175 822 3rurna
194 745 305 844 gelus
332 744 395 822 vel
410 771 536 848 quum
551 747 674 824 tonsis
689 746 835 823 inlotus
846 747 1027 844 ¹adhaesit

15 849 185 943 sudor,
215 863 255 925 et
270 849 408 924 hirsuti
425 863 639 926 secuerunt
660 873 827 950 corpora
846 876 998 952 vepres.

15 952 220 1030 >ulcibus
237 952 384 1028 idcirco
402 950 530 1029 fluviis
547 979 670 1054 pecus
688 978 810 1030 omne
824 956 998 1052 magistri
1077 963 1153 1038 445

15 1054 300 1152 „²erfundunt,
326 1055 497 1158 udisque
517 1059 616 1133 aries
637 1057 677 1132 in
691 1059 843 1155 gurgite
859 1057 961 1132 villis

15 1166 243 1254 tlersatur,
270 1160 493 1260 missusque
511 1161 690 1238 secundo
709 1160 848 1237 delluit
860 1162 987 1254 amni;

15 1270 100 1338 lut
117 1276 285 1337 tonsum
299 1264 399 1338 tristi
421 1265 655 1362 contingunt
671 1287 814 1366 corpus
829 1290 999 1360 amurca,

15 1372 63 1442 et
89 1390 256 1466 spumas
272 1367 442 1441 miscent
461 1369 629 1466 argenti,
657 1381 697 1443 et
713 1367 862 1444 sulfura
878 1369 977 1466 viva,

15 1470 246 1570 idaeasque
261 1471 391 1570 pices,
421 1482 461 1545 et
477 1472 633 1576 pinguis
650 1472 828 1569 unguine
846 1495 964 1568 ceras,
1076 1475 1151 1550 450

15 1569 291 1675 Scillarnque,
325 1569 607 1676 elleborosque
633 1575 782 1674 gravis,
820 1576 1060 1676 nigrumque
1089 1574 1151 1650 bi-

610 1691 762 1754 tumen.
1206 1739 1208 1744 .

67 1783 167 1860 449.
193 1798 386 1877 unocurt,
412 1800 587 1870 vrvsour.
614 1803 791 1858 currunt

44 1985 106 2042 441
129 2004 191 2038 cum
202 1956 331 2057 frigidus
346 1988 420 2039 llom.
508 1986 560 2044 443
577 2007 637 2040 cum
650 1990 769 2042 intonsis
780 1989 821 2042 cd.
835 1987 903 2041 Ver.
937 1987 1045 2040 inlutus
1056 1988 1151 2041 Medic.

25 2059 81 2120 „in
87 2057 171 2107 lutus
178 2055 289 2125 primum
301 2056 416 2108 iuerat.“
441 2057 568 2129 Foggiu.)
587 2069 615 2110 ct
625 2059 700 2111 Rom.
735 2060 850 2110 adlusus
863 2058 963 2128 aliquot
973 2076 1016 2127 ap.
1029 2058 1150 2112 Pieriam.

15 2127 67 2181 444
90 2125 212 2176 hirsutis
224 2125 330 2189 Medic,
348 2137 377 2178 ut
390 2125 469 2178 modo
484 2129 573 2180 tonsis
586 2128 686 2180 oribus.
712 2127 756 2181 Sic
770 2137 797 2180 et
807 2129 946 2190 Romanus,
965 2139 991 2180 et
1003 2127 1055 2180 hoc
1069 2147 1151 2200 prae-

15 2195 85 2248 ’erri
101 2193 227 2246 debebat.
255 2193 378 2264 (alitem
393 2195 493 2250 adscita
512 2213 526 2247 s
546 2197 666 2268 proximo
692 2197 836 2262 vocabulo,
859 2209 888 2250 ut
907 2199 954 2248 Ge.
971 2199 996 2262 1,
1015 2199 1074 2252 125.
1091 2199 1150 2252 146·

15 2269 56 2328 ill,
83 2264 147 2318 108.
165 2266 223 2317 141.
235 2264 296 2318 349.
313 2267 378 2316 Aen.
393 2267 419 2329 l,
445 2266 554 2336 559.11,
573 2267 634 2322 3³5.
657 2276 685 2318 et
699 2285 779 2338 sseps
793 2267 865 2318 ullas.
899 2267 928 2319 Si
945 2266 1061 2319 hirsutis
1073 2267 1150 2336 lege-

15 2347 110 2396 retur,
127 2333 305 2401 requireretur
319 2347 384 2398 sus,
402 2351 456 2386 nou
473 2347 508 2386 et.
543 2337 611 2387 Nam
630 2338 718 2388 tonsis
734 2335 767 2388 ad
781 2345 917 2404 utrumque
938 2352 1041 2386 versum
1064 2337 1150 2406 perti-

15 2413 80 2466 ret3
111 2401 335 2484 topsarumcuim
353 2419 448 2484 corpus
476 2401 554 2455 facile
578 2423 594 2458 u
615 2405 737 2474 vepribus
756 2405 827 2455 laedi
839 2413 951 2524 potest,
983 2404 1149 2468 hirsutas-um,

15 2471 918 2614 tttttffl‘dl‘tttttttta.;⁰t.1t‘ttt·..lltl,.tlt?
919 2473 1149 2593 tituli

15 2608 182 2682 praesidium
200 2610 287 2678 parari
310 2628 341 2661 ex
364 2611 463 2662 Colum.
484 2613 542 2674 Vll,
559 2609 586 2674 4,
605 2613 622 2666 8
642 2612 768 2664 coelestis
786 2627 859 2690 apua
877 2607 928 2661 sub
943 2610 988 2662 dio
1002 2609 1106 2662 solibus
1118 2613 1149 2664 in

15 2685 97 2732 dunc
111 2695 191 2729 usum
205 2679 309 2730 durata
339 2677 444 2731 aullum
464 2679 633 2752 decoquitur.
701 2679 906 2749 mansosque
925 2679 993 2730 Gud.
1027 2697 1148 2732 mersus-

15 2769 70 2821 pue
84 2747 188 2800 zulich.
224 2697 507 2802 anmsflotteudaoc.
576 2749 628 2804 448
646 2767 708 2800 amu
744 2767 762 2799 a
776 2747 844 2800 oud.
879 2747 1014 2799 etMsdic.
1030 2747 1149 2802 viduo-

15 2831 72 2872 tatu
87 2817 122 2868 ad
138 2818 187 2870 Ge.
202 2819 225 2880 1,
244 2815 302 2872 194.
324 2818 397 2882 Wr.)
466 2817 519 2872 449
536 2768 789 2888 vivaqmuljrim,
812 2748 883 2884 quol
894 2816 971 2886 vulgo
987 2815 1080 2882 editur,
1098 2817 1148 2870 uisi

15 2887 93 2958 quod
108 2887 136 2938 in
149 2885 235 2938 Elrer.
250 2885 341 2958 sulsra
357 2887 483 2956 scriptum
499 2887 589 2953 video,
626 2890 691 2940 dart.
704 2889 800 2938 Mouet.
815 2887 939 2938 Rottsnd.
952 2895 1014 2938 tert.
1033 2898 1059 2940 et
1080 2887 1148 2939 alter

15 2955 129 3010 Meutcl.
142 2955 286 3017 habebauu
306 2965 333 3007 et
347 2965 453 3008 tuentur
466 2955 578 3018 Servius,
625 2957 693 3008 arius
709 2955 869 3016 Victorinus,
886 2956 983 3008 multae
1000 2957 1059 3008 edd.
1073 2967 1147 3022 vett,

15 3039 43 3079 et
61 3035 107 3077 est
122 3025 266 3076 communis
285 3023 376 3077 lectio.
410 3031 446 3078 At
461 3027 535 3078 Rom.
549 3025 644 3078 Medic.
663 3041 803 3096 omnesque
823 3023 868 3076 ulii
882 3025 961 3077 codd.
975 3025 1055 3078 Pierii
1076 3027 1147 3095 (Me-

15 3098 69 3148 dic.
90 3093 196 3164 quidsm
211 3103 238 3145 et
250 3095 420 3163 Lougobard.
436 3113 496 3148 sm.
510 3096 573 3162 sec.)
590 3113 646 3148 cum
659 3096 713 3146 Eri.
731 3107 759 3146 et
772 3094 814 3145 rel
826 3113 859 3146 ao
871 3095 983 3166 sulfura
993 3097 1066 3149 vivo.
1085 3097 1147 3148 sul-

15 3167 90 3234 sum
114 3165 232 3233 vivaque
253 3164 306 3216 duo
326 3165 405 3216 Voss.
439 3165 522 3216 Porro
542 3165 659 3236 sulprura
676 3167 752 3216 llom.
775 3174 804 3218 st
821 3163 868 3214 alii
884 3164 1009 3218 scribunt.
1039 3165 1146 3236 (Medic.

15 3249 43 3286 es
64 3233 188 3302 sulpura
206 3235 286 3294 νίνας
320 3232 384 3286 hino
403 3233 508 3286 restitui
529 3253 616 3286 veram
632 3233 786 3294 lectionem
810 3233 862 3285 rid.
882 3243 973 3286 notatu
991 3235 1025 3288 ud
1045 3238 1093 3288 Ge.
1114 3237 1145 3299 11,

15 3307 61 3360 59.
85 3301 162 3368 Wr.)
232 3301 286 3356 450
303 3319 339 3354 urs
361 3304 425 3354 uine
440 3303 539 3355 taedas
550 3303 700 3373 Papirianae
721 3303 791 3372 apud
806 3302 989 3355 cassiodorum
1003 3303 1037 3355 de
1050 3305 1146 3357 ortho-

15 3371 134 3444 graphia
147 3371 264 3452 putet.
300 3373 333 3423 Sc
366 3372 442 3425 aliter
452 3371 583 3425 Charisius
598 3382 626 3425 st
639 3371 804 3439 Priscianus,
829 3371 873 3426 hic
889 3374 967 3426 ctiam
976 3375 1099 3446 pinguis,
1117 3385 1146 3426 ut

15 3439 176 3508 inscriptus.
202 3440 298 3509 (Idm
310 3441 405 3494 llledic.
433 3443 507 3510 Wr.)

15 3619 76 3682 que
93 3597 563 3674 signcsunmscaussurumssist,
605 3609 726 3678 tuusque
742 3619 868 3678 gregem
886 3600 990 3676 fluvio
1017 3617 1144 3656 nursam

15 3699 45 3744 es
69 3701 152 3764 quus
172 3703 317 3762 quemquo
336 3683 469 3744 usordum
486 3687 563 3744 ratio
604 3683 727 3742 salubri.
747 3717 791 3730 -
819 3681 883 3747 448
901 3681 1030 3748 -451,
1058 3682 1143 3742 Conl.
1205 3707 1207 3712 ·

15 3767 152 3830 curmsds'
168 3769 254 3847 sequi
266 3767 381 3846 ἆεριαι.
397 3801 441 3816 -
460 3779 491 3829 st
503 3770 563 3830 (io-
604 3769 700 3828 Varro
713 3769 750 3843 ll,
767 3773 817 3842 11,
835 3773 864 3833 7.
877 3768 991 3828 Colum.
1005 3767 1068 3842 VII,
1077 3766 1144 3841 4,7.

15 3851 216 3925 lum-VIL5·
604 3852 1073 3934 6,7.oeop0n.xvn1,8et
1096 3854 1143 3918 15.
1201 3921 1213 3930 ,

61 3937 138 4004 441.
165 3937 241 3996 Vide
268 3937 382 3998 Colum.
409 3939 430 3999 l.
457 3961 484 4002 c.
509 3940 562 4000 ubi
604 3939 750 4019 Compara
781 3939 871 3998 etiam
908 3938 1004 3998 Gratii
1036 3939 1143 4016 Cynog.

17 4049 41 4086 s.
53 4027 86 4092 5.
111 4021 150 4081 ud
169 4021 199 4082 h.
213 4023 233 4082 1.
251 4033 445 4102 provocatur.
487 4024 561 4090 442.
604 4023 676 4090 416.
692 4024 764 4090 416.
776 4027 860 4100 ιηἐιί,
876 4043 987 4098 smus,
998 4032 1036 4082 ut
1048 4042 1143 4103 scopa.

15 4108 167 4191 persedis,
196 4109 350 4187 pervenit,
378 4113 564 4189 penetravit3
603 4119 641 4169 ut
654 4113 745 4170 tricus
757 4111 881 4188 lupirsus
895 4111 947 4168 Ga.
959 4108 983 4185 l,
997 4110 1047 4174 75.
1069 4131 1143 4168 cors-

19 4199 120 4269 alias,
147 4193 266 4253 insedit.
309 4191 380 4256 444.
406 4195 473 4257 vid.
493 4197 563 4256 Cal·
604 4198 733 4273 tiugwst,
748 4195 785 4254 cs.
801 4215 865 4275 sup.
879 4193 951 4260 408.
964 4215 1075 4273 spuma
1089 4217 1144 4254 ar-

19 4299 112 4364 purn.
127 4279 186 4339 Ecl.
197 4279 234 4354 V,
247 4276 289 4342 74
305 4299 368 4358 sqq.
601 4284 704 4357 gensi,
738 4301 767 4340 n.
788 4279 1040 4356 defervescentis,
1069 4280 1143 4340 dum

65 4364 139 4431 445,
170 4365 194 4423 Ε
220 4365 357 4424 Varrone
381 4363 425 4441 ll,
451 4369 486 4440 1,
508 4369 560 4430 23.
603 4366 744 4446 coquitur
764 4363 1000 4448 (Srtberguue).
1044 4365 1145 4425 Locus

22 4449 236 4532 llincsup.l,
258 4454 423 4516 eruerat.
449 4450 561 4510 balau-
603 4451 641 4510 ds
668 4471 703 4512 sa
727 4453 865 4514 classicus
898 4451 980 4533 opud
1011 4451 1140 4510 Plinium
