2710 4998
200 374 345 430 cxxvm
421 355 462 429 P.
488 351 704 430 VIRGILII
728 349 965 428 MARONIS
993 353 1119 428 VITA

199 546 231 606 id
242 545 299 604 sub
314 543 403 604 linem
418 543 489 602 anni
501 543 631 605 videtur.
675 541 778 604 Videri
790 550 888 622 potest
910 542 948 602 de
961 541 1021 602 lroc
1038 543 1149 604 itinere
1164 543 1271 604 Neris.
1288 546 1344 602 Ce-

141 697 146 705 ,
198 630 323 711 notaph.
339 631 477 710 Pisanp.
491 626 680 694 usa-294.
724 628 801 688 Ante
816 627 943 708 Augusti
959 649 998 704 cx
1014 630 1092 690 urbe
1105 629 1280 690 discessum
1295 633 1345 690 la-

199 737 274 778 num
293 717 407 776 iterum
427 724 593 776 reseratum
613 735 675 774 esse
696 715 851 796 probabile
868 714 919 776 fit:
943 735 1000 774 nec
1015 724 1118 774 tamen
1133 715 1208 776 inde
1225 718 1346 776 inferre

151 801 153 804 ’
199 803 354 863 veliacum
376 799 1184 882 Masonap.112sq.,tocumAen.vl1,aot.605.
1210 806 1284 867 606
1306 823 1344 862 ex

199 887 289 949 halus
305 889 375 948 anni
392 887 466 947 actis
477 886 738 968 interpretandum
751 907 821 946 esse.

285 973 461 1054 Aethiopes,
484 974 560 1032 duce
574 974 691 1054 regina,
713 973 859 1048 candace,
879 971 1105 1052 impressionem
1117 971 1150 1032 in
1164 971 1344 1053 Aegyptum

199 1060 323 1136 iaciunt,
346 1069 376 1120 et
390 1058 606 1140 Elephantinen
620 1059 726 1118 urbem
741 1058 898 1138 diripiunt.
942 1059 1138 1120 Revertentes
1151 1077 1204 1117 eos
1220 1060 1264 1118 ad
1278 1071 1344 1120 ter-

136 1164 143 1174 *
199 1167 250 1206 ras
265 1167 332 1206 suas
345 1147 377 1206 C.
391 1145 564 1221 Petronius,
588 1145 715 1226 Aegypti
729 1145 915 1224 praefectus,
940 1143 1051 1218 caedit,
1074 1143 1278 1224 Aethiopiam
1296 1147 1344 1204 in-

200 1253 317 1314 gressus
337 1231 449 1312 regiam
469 1232 596 1308 evertit,
626 1241 657 1291 et
674 1241 788 1292 terram
808 1250 913 1290 eorum
937 1230 1090 1309 praesidiis
1110 1241 1257 1310 occupat.
1281 1231 1343 1292 sid.

201 1321 256 1380 Dio
277 1317 349 1396 LIV,
378 1318 408 1384 5.
451 1319 561 1378 Strabo
585 1317 636 1377 lib.
658 1317 761 1392 XVII,
786 1317 839 1376 ubi
864 1315 901 1374 de
922 1315 1121 1397 Aethiopibus
1142 1316 1210 1396 agit.
1263 1318 1344 1376 Ilaec

73 1397 77 1407 ⁸
201 1406 341 1486 Virgilius
361 1403 509 1484 respicere
532 1403 651 1465 videtur
671 1401 746 1462 Aen.
765 1403 816 1477 VI,
829 1405 892 1466 796
921 1405 1007 1462 lacet
1023 1403 1224 1480 ertmerIera
1240 1407 1340 1478 tellau,

205 1497 299 1552 Exim
314 1495 390 1550 arani
402 1493 532 1572 solisque
546 1493 613 1551 rios
625 1498 691 1566 etc,
714 1488 767 1548 ubi
779 1487 843 1548 vid.
854 1487 883 1548 N
884 1496 926 1548 ot.

651 1623 698 1699 U.
725 1621 767 1728 G,
793 1627 881 1698 788.

324 1843 352 1862 -.
411 1763 465 1837 Μ.
491 1764 635 1836 Lollius.
692 1763 737 1862 Q.
759 1763 933 1834 Amnilius
959 1761 1161 1855 Lepidus..

479 1907 523 1956 ¹a.
542 1883 658 1959 021.
717 1880 1056 1979 tergestis-50.

288 2020 448 2098 Augustus
465 2018 550 2078 rebus
571 2023 604 2078 in
624 2021 731 2080 Sindus
755 2019 900 2078 ordiirmis
925 2019 959 2076 in
979 2019 1143 2078 Graeciam
1164 2024 1335 2078 trarsrmisit.

205 2095 305 2164 Rebus
320 2109 352 2162 in
371 2106 501 2165 Graecia
515 2105 659 2184 consectis
674 2110 707 2166 in
724 2108 852 2166 Samum
865 2107 1043 2182 navigavit,
1066 2103 1166 2184 ibique
1182 2105 1335 2164 lsiemarit.

204 2193 259 2252 uo
280 2191 354 2268 niv,
376 2195 406 2255 r.

652 2327 699 2402 U.
727 2325 770 2402 C.
794 2327 881 2402 754.

423 2465 477 2538 Μ.
511 2465 695 2561 Apuleius.
757 2467 800 2538 P.
838 2465 948 2537 Silius
985 2463 1115 2538 Nerua.

484 2610 518 2660 α.
538 2587 652 2664 020.
710 2587 856 2682 Virgilii
867 2586 1049 2661 50-51.

291 2723 406 2784 Iterum
430 2723 503 2783 victi
531 2723 591 2784 hoc
615 2745 694 2784 anno
722 2723 866 2783 Cantabri
895 2723 933 2783 ab
951 2721 1095 2802 Agrippa:
1125 2721 1238 2786 Horat.
1260 2723 1331 2800 IEp.

208 2815 257 2884 12,
273 2813 324 2874 26·
372 2811 448 2870 Vere
460 2811 620 2889 Augustus
639 2813 949 2888 inAsiamperrexit,
981 2809 1079 2888 ibique
1099 2822 1127 2868 et
1142 2813 1174 2868 in
1189 2811 1333 2888 Bithynia

206 2899 309 2954 omnia
334 2898 510 2970 constituit,
542 2897 597 2956 llio
626 2897 700 2972 LIV,
720 2899 740 2960 7
747 2918 755 2972 5
792 2897 884 2954 etiam
905 2896 1024 2973 Syrr'um
1044 2893 1122 2954 adiit
1140 2895 1217 2956 ibid.
1241 2895 1332 2955 lustin.

206 2980 303 3055 XLII,
319 2981 349 3045 5.
392 2980 479 3040 Hanc
502 2980 627 3062 Augusti
648 2983 681 3040 in
700 2981 863 3061 provinciis
881 2979 1042 3056 adeundis,
1065 2979 1186 3060 dignm
1202 2981 1332 3062 principe

206 3075 309 3140 tanto,
339 3065 521 3126 industriam
542 3068 699 3148 praedicet
723 3067 863 3147 Virgilius
887 3065 961 3130 Aen.
983 3067 1032 3142 VI,
1051 3069 1171 3132 802-
1184 3071 1253 3134 806
1274 3069 1331 3127 nec

207 3171 274 3208 vero
292 3150 416 3209 Alcc'des
431 3164 548 3212 teritum
559 3156 672 3214 telluris
687 3151 778 3212 obivit
797 3163 851 3212 etc.
870 3153 907 3212 cs.
923 3155 1046 3212 Sueten.
1059 3171 1123 3233 cap.
1135 3152 1189 3216 47.

291 3235 367 3294 Cum
388 3235 420 3294 in
441 3239 559 3317 Syriam
583 3239 768 3314 advenisset,
789 3237 949 3315 Phraates,
970 3239 1102 3315 veritus,
1125 3257 1163 3298 ne
1190 3241 1271 3302 bello
1285 3255 1330 3317 pe-

207 3328 342 3398 teretur,
371 3321 454 3406 aigna
472 3324 605 3402 Augusto
627 3346 696 3385 cum
720 3325 847 3405 captivis
867 3333 900 3387 et
917 3325 1104 3384 exercituum
1128 3325 1219 3388 Rom.
1232 3323 1329 3406 spoliis

206 3406 331 3466 remisit.
372 3407 442 3481 Qua
461 3429 494 3468 re
512 3409 590 3469 nihil
612 3411 652 3470 ad
676 3411 802 3491 Augusti
824 3410 950 3490 gloriam
966 3410 1113 3470 illustrius
1137 3431 1276 3490 unquam
1293 3411 1329 3468 sa-

207 3502 292 3554 ctum
308 3493 406 3552 visum
423 3503 475 3554 est.
498 3495 560 3556 vid.
573 3497 628 3556 Ilio
648 3497 721 3572 LIV,
742 3501 762 3560 8
777 3506 806 3555 et
826 3497 865 3555 ibi
881 3497 997 3556 Fabric.
1020 3498 1116 3558 Etiam
1133 3496 1281 3558 Indorum
1293 3496 1329 3554 le-

205 3580 267 3658 gitti
281 3598 350 3639 eum
362 3577 540 3640 Antiochiae
559 3583 715 3644 adierunt:
738 3583 847 3642 Strabo
861 3583 930 3658 XV,
946 3603 976 3662 p.
990 3587 1053 3648 719
1070 3584 1100 3642 C.
1116 3583 1151 3642 I).
1165 3585 1256 3644 Unde
1267 3584 1328 3642 Aen.

206 3665 256 3740 VI,
273 3666 336 3731 795
358 3687 450 3744 super
462 3668 556 3728 Indos
568 3667 704 3748 Proseret
718 3671 886 3748 imperium.
930 3670 1035 3746 Itaque
1048 3686 1232 3749 magnopere
1245 3666 1329 3748 inpri-

206 3751 262 3809 mis
278 3771 295 3808 a
315 3753 413 3830 poetis
434 3772 468 3810 ea
490 3773 539 3814 res
562 3754 719 3814 extollitur
740 3764 771 3813 et
787 3753 949 3834 magnificis
961 3755 1061 3814 verbis
1075 3765 1206 3816 ornatur
1216 3801 1226 3832 ,
1250 3764 1284 3816 ut
1299 3750 1328 3810 de

206 3835 372 3916 profligatis
393 3837 530 3914 Parthis,
558 3859 663 3899 everso
682 3859 788 3899 eorum
808 3840 950 3919 imperio,
980 3841 1062 3900 victo
1084 3841 1227 3916 Oriente,
1256 3837 1328 3901 Indis

207 3921 373 3998 debellata,
396 3941 447 3984 eos
466 3925 550 4002 loqui
568 3925 679 3986 videas.
700 3924 764 3985 vid.
785 3925 852 3984 loce
876 3925 958 4006 apud
978 3925 1105 3996 Cerdam
1131 3926 1171 3986 ad
1191 3927 1250 3988 VII
1267 3926 1327 3986 Aeu

172 4034 175 4042 ’
208 4011 281 4072 606.
323 4007 373 4068 Ad
389 4007 473 4070 hunc
490 4010 592 4090 itaque
612 4031 726 4070 annum
746 4030 851 4070 versus
872 4020 980 4090 poetae
998 4013 1096 4074 nostri
1118 4013 1171 4072 Ge.
1190 4013 1236 4074 IV
1252 4019 1326 4081 extr,

206 4092 243 4168 II,
263 4095 452 4171 170-173,
471 4095 691 4170 111,26·-33
713 4116 730 4154 a
752 4097 904 4156 nonnullis
920 4097 1043 4174 referri,
1072 4118 1163 4180 supra
1177 4099 1217 4160 ad
1231 4121 1257 4160 e.
1275 4090 1325 4162 iii

206 4176 449 4256 significavimus.
498 4181 662 4261 Insignitas
686 4191 808 4242 auctum
833 4193 878 4242 est
910 4181 971 4242 hoc
996 4183 1077 4244 idem
1102 4185 1177 4246 Aen.
1199 4187 1258 4262 VI,
1275 4181 1325 4248 799

206 4265 313 4322 Huius
331 4265 364 4320 in
388 4265 552 4326 advertam
573 4271 636 4326 ium
657 4287 737 4326 nmio
756 4280 784 4326 et
804 4267 918 4346 Caspia
938 4289 1033 4348 regna
1045 4273 1326 4350 responsatores

206 4349 327 4423 dinan,
335 4361 390 4492 dhet
419 4353 561 4412 Maeotia
592 4353 698 4431 tellus,
733 4354 776 4412 Et
795 4366 908 4431 septem
935 4358 1054 4433 gemini
1078 4356 1200 4419 turbam
1224 4353 1323 4438 mpt'dfl

207 4437 285 4494 osu'ss
298 4434 338 4494 N
343 4437 348 4448 '
367 4435 380 4494 '.
