2730 5016
217 319 573 398 caonoloorv
599 321 704 398 trs.
724 321 792 416 111,
812 297 1026 399 ass-ebs
1104 324 1177 398 551

49 512 192 603 ‚Quam
217 507 285 603 sit,
319 519 359 582 et
388 507 558 604 angulatis
587 505 695 581 hunc
724 506 871 583 addere
901 507 1020 584 rebus
1046 506 1179 582 hono-

640 634 738 688 rem.
1102 619 1178 691 290

62 710 142 786 Sed
162 735 228 784 me
241 712 398 786 Parnasi
417 709 570 787 deserta
586 737 661 812 per
677 712 798 788 ardua
813 711 938 788 dulcis

58 819 201 914 Raptat
218 838 339 892 amor.
390 817 502 889 Iuvat
516 817 573 890 ire
587 816 705 913 iugis,
733 841 810 917 qua
824 815 932 890 nulla
948 817 1128 916 priorum
1173 827 1179 854 ¹

60 916 267 995 Castaliam
287 915 399 992 molli
418 918 637 994 devertitur
655 919 782 995 orbita
798 920 908 996 ctivo.
1173 1005 1177 1014 ¹
1241 1009 1246 1020 Ι

57 1027 184 1112 Nunc,
201 1019 426 1096 veneranda
441 1021 563 1116 Pales,
577 1046 722 1120 magno
737 1047 843 1098 nunc
861 1047 930 1098 ore
942 1019 1176 1097 sonandum.

109 1124 308 1224 Incipiens
321 1123 481 1199 stabuhs
496 1125 610 1202 edico
624 1127 665 1202 in
680 1125 869 1202 mollibus
884 1125 1052 1200 herbam
1101 1128 1177 1203 295

88 1305 145 1358 290
161 1303 226 1354 lsirrc
239 1303 342 1354 addere
353 1305 467 1355 malebat
480 1305 565 1356 Burm.
585 1306 674 1374 (etiam
687 1307 793 1359 Wakei'.
809 1307 842 1358 ad
855 1307 958 1357 Lucret.
974 1307 993 1366 I,
1011 1305 1070 1358 921.
1097 1303 1177 1370 We),

54 1393 87 1424 ex
105 1373 194 1423 verbis
208 1372 446 1425 scilicethouorem
459 1374 563 1425 addere.
599 1378 632 1426 Et
646 1376 683 1427 sic
699 1377 775 1446 piane
790 1376 869 1427 Goth.
884 1394 922 1443 pr.
956 1374 1093 1424 Enimvero
1105 1374 1178 1423 hune

53 1445 202 1506 honorem,
228 1452 346 1496 ornatum
361 1441 443 1508 hunc,
468 1443 580 1494 cuicum
597 1446 707 1496 maxime
726 1463 831 1515 operam
851 1443 987 1513 impendit.
1056 1444 1108 1496 29³
1126 1442 1177 1492 de-

52 1515 177 1564 vertitur
190 1511 303 1578 optimus
322 1511 431 1580 quisque
450 1512 551 1564 scribit.
587 1515 736 1567 divertitur
758 1515 812 1566 atii.
844 1515 897 1566 vid.
919 1515 1004 1562 burm.
1029 1511 1095 1562 adde
1113 1511 1177 1561 Pie-

53 1582 130 1632 rium.
201 1581 254 1634 294
280 1599 326 1632 ore
344 1583 496 1632 canendum
518 1600 581 1634 unus
605 1585 690 1635 Mead.
768 1584 820 1638 295
842 1582 945 1634 ‘tubulis
968 1581 1035 1633 oud.
1066 1579 1178 1648 (tubulis

52 1651 135 1700 etiam
149 1649 260 1712 Medic„
278 1650 325 1700 sed
338 1669 415 1718 snpra
430 1652 526 1720 scripta
543 1671 564 1702 s.
600 1653 701 1704 Curtius
722 1655 756 1705 ad
770 1655 865 1704 Lucan.
881 1653 913 1714 11,
931 1653 973 1704 79.
987 1651 1052 1701 haec
1070 1649 1175 1700 scribit:

51 1718 189 1784 „stabadis
213 1720 288 1770 edico
309 1719 440 1771 mollibus.
469 1720 633 1774 vitioseMs.
655 1723 740 1774 Bosii:
764 1725 794 1776 in
812 1723 904 1774 moll-‘⁴
939 1725 974 1772 At
993 1720 1058 1772 haec
1072 1719 1176 1770 videtur

51 1789 170 1842 omnium
184 1788 311 1840 librorum
325 1807 382 1840 esse
393 1789 482 1842 lectio.
505 1791 576 1858 Wr.)

50 1943 118 1988 tare
139 1949 251 2006 greges
273 1930 394 2008 proprie
415 1950 514 2008 agere,
542 1952 598 2011 ps·
640 1933 762 1998 aarum
774 1945 843 1992 ante
857 1941 915 1991 etc.
948 1931 1058 1994 Nostro
1076 1937 1177 1988 autem

49 2033 162 2086 scere,
218 2012 289 2072 hinc
328 2016 448 2074 omnino
483 2037 597 2077 curare.
640 2016 714 2078 haec
736 2019 838 2078 eadem
857 2017 983 2095 sublegit
1004 2015 1104 2074 tinnit.
1126 2015 1176 2089 Ill,

48 2103 127 2164 288.
152 2099 185 2156 ln
199 2097 259 2157 hoc
275 2119 364 2178 opera
381 2110 480 2159 vestra
500 2103 598 2181 posita
639 2105 780 2169 25—30
797 2125 869 2184 sqq.‚
881 2113 920 2162 'et
932 2103 1030 2161 locum
1045 2103 1177 2180 respexit

48 2195 134 2260 est03
150 2205 224 2244 cura
238 2186 387 2264 pecudum
401 2187 486 2245 vobis
500 2189 596 2267 inpri·
638 2189 712 2250 Pb‘n.
734 2192 822 2265 XlX,
842 2189 872 2268 4,
886 2211 909 2248 s.
925 2193 963 2252 19
978 2197 1057 2246 extr.
1081 2187 1176 2244 liono-

48 2273 108 2329 mis
124 2269 272 2328 cordicit.
293 2271 391 2350 fortes
412 2270 475 2331 h.l.
496 2283 594 2333 ornat.
637 2295 698 2332 rem
711 2274 776 2335 h.l.
796 2297 852 2358 pro
874 2284 1000 2348 ornatu,
1024 2272 1176 2350 dignitate.

47 2357 194 2428 laudem,
219 2356 315 2433 qualis
328 2357 398 2415 boni
413 2378 447 2416 ac
458 2359 596 2438 pruden-
637 2362 723 2418 ruelii
735 2362 833 2434 clivo,
857 2369 893 2418 ut
905 2359 998 2417 facilis
1018 2358 1176 2416 adscensus

48 2443 89 2500 tis
104 2441 326 2520 patrisfamilias
339 2461 400 2500 esse
415 2452 523 2522 potest.
637 2453 668 2502 et
682 2445 839 2504 descensus
852 2446 913 2503 sit..
935 2443 1066 2520 Respicit
1076 2450 1176 2500 autern

93 2531 290 2590 289-298.
312 2528 388 2586 Satis
402 2528 523 2606 quidem
538 2549 595 2588 nc-
636 2527 686 2588 hic
701 2534 774 2588 avia
799 2529 953 2588 Pieridum
972 2529 1040 2584 toea
1061 2527 1176 2583 nuliius

46 2614 99 2688 vi,
123 2633 216 2690 quam
232 2612 350 2700 didicile
365 2615 410 2688 sit,
432 2613 507 2672 haec
519 2634 594 2693 poe-
636 2627 705 2672 ante
725 2618 808 2673 Trita
824 2614 896 2672 solo.
924 2613 1095 2682 aaronem,
1121 2609 1175 2670 de·

47 2700 112 2758 tica
143 2698 281 2756 oratione
311 2699 466 2758 commode
492 2701 593 2779 expri-
635 2701 730 2758 vertit
748 2719 798 2774 se,
835 2697 989 2770 deflectit,
1023 2695 1108 2753 ducit
1136 2694 1176 2752 ud

46 2803 157 2854 mere,
188 2793 218 2840 et
240 2801 287 2841 res
315 2794 377 2843 tam
406 2794 511 2844 tenues
537 2805 593 2864 pro
638 2785 805 2844 Castaliam
831 2779 950 2864 κρήνην
973 2781 1074 2840 nulius
1108 2789 1175 2838 tra-

47 2870 206 2948 dignitatc
226 2870 363 2929 carminis
389 2871 460 2928 satis
487 2880 594 2930 ornate
636 2891 714 2945 mes,
737 2891 797 2949 quo
820 2869 904 2950 prior
925 2867 1000 2926 alius
1013 2865 1174 2925 incesserit.

45 2973 296 3014 commemorare.
318 2953 377 3014 Sed
391 2956 523 3016 studium
533 2955 595 3015 hu·
679 2955 752 3020 294.
786 2954 953 3014 uerserauda
988 2953 1080 3010 Pales
1093 2995 1102 3025 ,
1140 2959 1175 3009 ut

44 3043 95 3100 ius
113 3041 159 3098 rei
174 3039 285 3118 abripit
297 3061 344 3099 me
357 3040 462 3100 adhoc
475 3062 594 3102 carmen
636 3055 741 3100 sanctu
758 3041 826 3099 dea.
872 3039 1000 3100 Videtur
1019 3047 1120 3097 tamen
1135 3035 1175 3094 ed

43 3126 289 3206 pertexendam,
313 3136 344 3184 et
362 3127 526 3186 inflammat
546 3147 594 3186 me
634 3127 790 3206 religiones
804 3127 962 3206 pertinere.
1005 3125 1080 3183 Nam
1095 3143 1175 3180 eane

42 3212 125 3270 haee
139 3211 205 3290 ipsa
221 3211 371 3290 cogitatio,
394 3213 594 3289 quodinma-
636 3215 728 3271 Pales
755 3212 835 3292 apud
857 3213 986 3272 Statium
1012 3209 1104 3270 Theb.
1126 3207 1174 3282 VI,

41 3298 127 3356 teria
149 3315 273 3371 versor,
307 3317 324 3354 a
351 3298 434 3356 nullo
457 3297 595 3357 adhuce
640 3303 709 3362 111.
743 3299 922 3378 gaursdaeva
950 3297 1042 3355 Pales
1059 3295 1173 3352 Nemes.

40 3383 196 3442 Romanis
208 3391 296 3460 poeta
310 3391 448 3442 tractata.
471 3385 511 3442 Ut
524 3385 596 3464 pul·
637 3384 698 3443 Ecl.
722 3385 751 3460 i,
769 3388 819 3448 68.
848 3403 960 3462 niagno
977 3401 1025 3438 ore
1035 3387 1175 3458 respectu

40 3467 173 3528 mitade
185 3462 325 3526 carminis
339 3468 427 3528 simul
439 3470 596 3545 elucescat,
637 3491 695 3528 vss.
704 3474 776 3534 289.
791 3473 862 3544 290,
877 3466 958 3546 quod
971 3465 1061 3525 rebus
1072 3465 1174 3522 tenui-

39 3555 85 3612 ad
108 3553 268 3632 vulgarem
290 3555 455 3613 orationem
481 3555 595 3634 singula
638 3555 694 3614 bus
717 3555 891 3634 dignitatem
919 3551 1029 3611 addere
1060 3549 1173 3609 consti·

37 3639 269 3698 revocavimus.
312 3639 356 3698 Ita
379 3641 457 3699 enim
475 3640 596 3700 demum
638 3641 707 3700 tuit.

37 3725 219 3802 intelligere
238 3733 355 3802 poetam
376 3724 473 3784 videri
488 3745 596 3804 possu-
680 3725 742 3790 295
758 3745 820 3803 sqq.
842 3723 941 3782 Primo
954 3721 1020 3779 loco
1037 3739 1091 3799 per
1107 3718 1173 3778 hie-

36 3831 125 3870 mus.
173 3811 329 3885 Ceterum,
352 3810 508 3887 quodiam
529 3811 595 3868 Ma·
637 3831 714 3870 mem
737 3809 770 3868 in
788 3809 911 3868 stabulis
927 3805 1072 3864 tenendas
1092 3808 1122 3864 ei
1139 3826 1173 3864 s·

36 3897 132 3956 crob.
149 3895 234 3968 V1‚2
249 3896 379 3970 monuit,
405 3897 594 3955 manifestum
636 3896 740 3956 lendes
766 3914 827 3952 esse
847 3913 917 3952 oves
933 3902 964 3950 et
977 3890 1019 3972 (v.
1036 3889 1110 3972 300)
1121 3913 1173 3950 ea·

35 3991 111 4056 est,
144 3989 264 4058 poetam
292 3979 342 4040 hic
364 3983 484 4059 vestigia
507 4002 593 4062 pres·
636 4001 706 4061 pras
720 3979 872 4060 praecipit.
916 3979 1087 4054 lncilueaa,
1116 3970 1172 4052 α’ρ·

35 4069 119 4124 sisse
144 4065 276 4124 lucretii
299 4066 327 4142 l,
347 4069 405 4130 921
424 4071 550 4142 -929,
565 4075 595 4125 et
635 4063 783 4146 χόμενος,
811 4074 847 4123 ut
866 4063 972 4143 passim
994 4062 1115 4137 Graeci,
1141 4061 1171 4121 h.

35 4152 78 4225 V,
98 4153 147 4222 98
161 4171 235 4228 sqq.,
257 4148 316 4210 boc
328 4151 447 4228 quidem
463 4151 529 4212 loco
545 4154 592 4212 in·
636 4161 666 4210 et
683 4151 814 4230 primum
836 4147 971 4226 quidem;
1000 4147 1062 4206 aliis
1084 4148 1171 4221 locis,

34 4247 93 4296 tea·
117 4235 192 4298 alia:
225 4239 266 4294 Et
293 4259 386 4315 quana
411 4235 538 4318 dfflede
562 4239 596 4296 r'd
636 4239 805 4314 Principio,
830 4235 991 4308 (butiana,
1022 4243 1053 4292 et
1066 4255 1094 4292 v.
1110 4235 1172 4297 300

33 4321 127 4380 milri
156 4325 196 4379 sit
216 4325 385 4398 penrawere
410 4323 515 4396 dictis,
554 4325 594 4381 Ut
636 4325 709 4380 Post
725 4322 796 4380 irinc
814 4321 982 4398 digressam,
1012 4317 1042 4378 h.
1065 4317 1172 4377 deinde

22 4407 102 4481 fit,
131 4405 186 4464 ubi
204 4407 356 4465 tucidum
377 4427 439 4464 rem
458 4408 608 4487 adportes
636 4427 718 4468 vero.
762 4405 910 4466 Observes
929 4413 960 4464 et
981 4403 1056 4462 baec
1072 4423 1107 4461 eo
1125 4404 1172 4461 ss-
