2784 4988
170 435 174 440 -
208 401 298 456 xttu
504 379 579 452 EX
610 375 1041 452 PRAEFATIONE

208 587 388 668 possem,
419 576 460 639 et
475 562 689 661 deberem,
715 583 800 639 non
816 562 859 639 id
871 585 1083 664 sequerer,
1111 558 1225 662 quod
1239 581 1331 636 con·
1380 595 1382 638 l

208 670 297 746 silio
324 667 418 746 huic
447 680 763 744 consentaneum
789 663 978 768 factuque
1006 664 1207 766 optimum
1232 662 1332 740 iudi-
1380 697 1382 746 a

210 796 353 850 carent
412 773 536 848 Erant
565 783 655 846 ante
693 769 831 848 oculos
860 782 922 845 tot
950 767 1132 868 exempla
1152 781 1333 844 veterum
1378 803 1382 852 ι

208 877 468 977 scriptorum,
494 877 536 950 in
551 873 712 975 quibos,
740 898 833 950 cum
848 898 921 949 seu
934 885 1051 950 notas
1068 869 1241 947 aliorum
1253 868 1332 944 col-
1378 913 1382 954 ,

210 980 334 1078 ligere
356 977 422 1052 vel
443 1002 674 1078 excerpere,
708 1001 783 1054 seu
805 975 962 1053 notulas
987 999 1076 1057 saras
1097 974 1331 1076 adspergere
1381 1014 1382 1062 i

207 1082 462 1184 propositum
488 1081 719 1157 habuissent
742 1077 935 1177 editores,
962 1081 1035 1155 etsi
1058 1079 1220 1156 accessit
1230 1073 1332 1152 forte
1381 1125 1382 1162 ;

208 1185 343 1263 bonae
368 1181 491 1284 fingis
512 1185 779 1288 aliquantum,
813 1179 1008 1264 effectum
1029 1196 1166 1258 tamen
1190 1193 1266 1276 est,
1291 1192 1332 1254 ut
1376 1224 1382 1270 p

210 1291 267 1383 ei,
296 1287 409 1390 quod
430 1291 472 1364 in
489 1312 593 1364 nova
617 1287 813 1380 editione,
840 1311 942 1390 quae
967 1285 1333 1386 interpretationem
1381 1341 1382 1374 ,

209 1407 277 1472 ant
294 1393 681 1470 commentationem
694 1391 737 1466 in
753 1387 890 1474 fronte
914 1391 1187 1492 promitteret,
1221 1412 1333 1488 expe-

210 1495 401 1574 ctandum
429 1510 469 1572 et
493 1495 717 1598 optandum
740 1508 841 1590 erat,
875 1491 1115 1570 satisfactum
1134 1493 1184 1567 sit
1196 1515 1332 1592 parum

210 1613 276 1676 aut
294 1598 411 1693 nihil,
440 1600 512 1674 etsi
528 1623 622 1674 cum
639 1611 841 1674 emtorum
860 1599 1040 1698 impensa
1052 1592 1164 1675 baud
1179 1595 1332 1675 modica
1377 1645 1382 1690 ,

209 1704 250 1777 in
273 1701 423 1778 librum
450 1699 661 1800 eroganda.
713 1702 896 1778 Omnino
919 1726 965 1776 ea
986 1695 1062 1775 suit
1084 1697 1330 1801 frequentata
1375 1753 1382 1798 ,

209 1805 310 1882 ratio
333 1803 382 1879 ab
407 1803 629 1880 editoribus
651 1805 906 1905 superiorum
926 1817 1159 1904 temporum
1183 1815 1330 1877 tantum
1377 1857 1382 1904 ,

209 1933 293 1984 non
308 1907 516 2002 omnibus3
542 1909 575 1983 si
589 1909 815 1984 Gesnerum
829 1906 948 2003 forte,
975 1905 1106 1982 multo
1122 1907 1248 2004 magis
1263 1908 1330 1980 Er·
1378 1963 1382 2010 ,

208 2013 383 2088 uestium
402 2013 585 2112 excipias3
617 2025 664 2088 ut
689 2024 756 2087 aut
788 2013 962 2086 criticam
982 2009 1260 2104 subtilitatem,
1293 2007 1329 2082 in
1376 2089 1380 2110 ,

208 2115 341 2190 verbis
359 2113 526 2211 scilicet,
559 2139 613 2190 ne
637 2114 679 2190 in
694 2116 900 2190 sententiis
915 2113 1103 2216 quidem,
1128 2112 1258 2190 solam
1276 2110 1330 2186 di·
1374 2169 1380 2202 ‚

208 2241 329 2318 gnam
350 2231 538 2319 putarent
556 2219 643 2294 viro
668 2217 809 2314 docto,
843 2231 910 2294 aut
928 2219 1035 2293 notis
1057 2219 1272 2294 Variorum
1293 2214 1329 2288 in
1373 2275 1382 2320 ,ζ

208 2347 338 2398 unum
352 2322 536 2437 cinnum,
571 2346 644 2398 seu
666 2323 708 2396 in
725 2334 919 2416 saturam,
944 2321 1153 2416 coniectis,
1179 2341 1329 2422 panno-
1378 2321 1382 2416 ,Q

209 2449 482 2502 rumvemore
497 2427 658 2502 interse
672 2425 856 2520 consutis,
880 2426 934 2500 ita
952 2424 1270 2526 interpretationi
1292 2443 1330 2495 se
1376 2417 1382 2512 ζ

210 2527 456 2623 consuluisse
479 2529 715 2622 crederent3
748 2541 815 2605 aut
834 2541 881 2604 ut
893 2528 1083 2622 subinde,
1108 2527 1178 2604 uhi
1198 2549 1330 2604 ocurr-
1373 2513 1382 2536 ”

208 2645 319 2710 reret
341 2631 467 2710 oculis
493 2658 572 2708 vox
597 2658 686 2708 rara
710 2645 751 2708 et
779 2633 990 2734 exquisita,
1017 2630 1244 2708 formulare
1276 2628 1330 2702 lo·
1374 2622 1382 2710 ᾖ

210 2736 364 2840 quendi
391 2736 568 2832 doctior,
594 2737 635 2814 in
650 2735 753 2812 banc
769 2736 992 2814 involarent
1006 2747 1047 2811 et
1058 2733 1329 2834 exemplorum
1378 2803 1382 2824 ,

210 2842 410 2938 congerie,
435 2840 641 2918 interdum
655 2842 847 2916 sexcentis
863 2842 942 2916 iam
957 2841 998 2916 in
1014 2838 1112 2914 locis
1127 2835 1329 2920 cumulata.
1380 2839 1382 2920 j

209 2958 400 3044 tanquam
414 2947 623 3022 Caeneum
635 2945 677 3020 in
690 2941 844 3039 fabula,
870 2944 1107 3020 obruerent:
1131 2939 1330 3016 interdum
1376 2937 1382 3025 ,’

208 3071 373 3146 prorsus
395 3048 545 3142 securi,
579 3073 682 3148 quae
702 3045 869 3124 tandem
890 3045 1003 3122 verbi
1024 3045 1149 3120 visin
1168 3069 1220 3120 eo
1244 3042 1328 3117 loco
1381 3086 1382 3132 p

210 3161 331 3242 esset,
357 3148 409 3224 ad
430 3173 555 3248 quem
567 3148 668 3225 haec
683 3151 817 3226 omnia
832 3148 1134 3226 convertebant.
1168 3143 1329 3226 Memini
1376 3218 1380 3227 .

209 3251 343 3352 itaque
367 3275 437 3326 me
461 3251 632 3327 subinde
654 3253 695 3326 in
719 3251 892 3329 lectione
915 3265 1099 3330 veterum
1125 3265 1330 3327 anctorum
1380 3320 1382 3350 ,

208 3354 484 3452 indignatione
507 3353 813 3448 excandescere,
848 3381 942 3432 cnm
965 3357 1007 3432 in
1030 3354 1148 3450 locis,
1188 3355 1231 3430 in
1248 3351 1329 3453 qui-
1381 3361 1382 3364 ’

207 3458 285 3534 bns
310 3457 547 3548 haerebam,
587 3456 687 3532 nibil
713 3459 856 3554 auxilii,
890 3483 946 3536 ne
967 3459 1126 3536 monito
1155 3456 1327 3558 quidem,
1379 3539 1380 3546 Ν

209 3561 346 3638 lorum
367 3587 453 3638 esse
477 3558 709 3650 difficilem,
743 3562 985 3664 impeditum
1006 3575 1074 3638 aut
1088 3573 1328 3661 corruptum,

209 3679 348 3742 contra
372 3689 470 3742 vero
502 3664 576 3740 alia
602 3665 758 3760 omnia,
798 3691 902 3767 qtrae
922 3689 1047 3742 nemo
1078 3664 1328 3754 desideraret,

209 3771 387 3868 apposita
399 3769 593 3847 riderem.
617 3769 803 3870 Inprimis
813 3784 948 3846 antem
960 3771 1140 3848 animum
1152 3788 1328 3869 pupuge·

10 3967 11 3972 Ν
208 3885 268 3946 rat
281 3897 328 3948 ea
342 3874 545 3971 cogitatio,
570 3873 684 3974 quod
699 3873 907 3971 Virgilium
922 3897 1068 3950 noram
1082 3873 1327 3971 esseinpau·

10 3993 11 4028 ³
110 3978 113 3984 ’
209 3975 264 4052 cis
293 3974 367 4050 illis
386 3975 666 4079 scriptoribus,
700 4001 804 4078 quos
823 3979 865 4053 in
884 3975 1031 4052 scholis
1044 3974 1277 4077 praelegere
1291 3979 1328 4044 et
1381 4065 1382 4068 Ἴ

207 4077 460 4180 interpretari
485 4079 618 4157 solent
635 4081 828 4178 magistri,
861 4103 1037 4180 eumque
1055 4077 1144 4154 sere
1158 4069 1327 4178 proponi
1381 4075 1382 4080 ’

208 4181 271 4273 iis,
299 4183 369 4282 qui
386 4181 591 4286 profectus
608 4186 687 4260 iam
700 4183 854 4284 aliquos
872 4185 914 4258 in
934 4183 1057 4259 literis
1069 4179 1258 4274 fecerint,
1292 4183 1327 4248 et

206 4309 302 4360 mox
314 4286 356 4359 in
372 4285 593 4364 academiam
604 4289 684 4362 sint
698 4287 852 4365 abituri
903 4287 1082 4364 Videbar
1096 4287 1216 4382 igitur
1234 4299 1328 4380 ope-

207 4413 275 4464 rae
299 4389 476 4489 pretium
496 4387 673 4468 facturus
697 4415 804 4482 esse,
838 4391 872 4464 si
893 4403 932 4464 et
954 4389 1148 4487 magistris
1170 4399 1213 4464 et
1234 4382 1327 4459 ado·
