2730 5016
182 374 544 454 GEORGIC'ON
577 376 775 472 ulam,
809 383 975 455 ao-et
1065 379 1141 456 507

38 569 151 666 Atque
167 561 233 638 hic
249 559 471 638 undantem
484 558 592 636 bello
605 584 878 665 magnumque
894 561 1091 642 fluentem

37 669 171 762 Nilum,
197 689 243 742 ac
259 664 384 741 navali
401 666 597 762 surgentis
615 691 705 742 aere
722 665 937 746 columnas.

39 770 176 848 Addam
184 769 296 846 urbis
303 769 416 844 Asiae
428 766 609 866 domitas,
622 768 862 870 pulsumque
870 769 1081 872 Niphaten,
1091 778 1142 848 30

38 873 312 974 Fidentemque
329 869 421 970 suga
434 871 626 948 Parthum
641 873 843 975 versisque
859 875 1023 973 sagittis,

64 1065 93 1117 28
108 1068 144 1115 Ae
162 1083 195 1114 ue
209 1063 274 1116 ltine
288 1062 370 1116 Goth.
384 1079 437 1114 aee.
451 1072 477 1114 et
488 1062 610 1115 Bruuokii
624 1061 706 1126 liber;
724 1038 796 1134 quod
808 1063 854 1116 ille
870 1065 987 1146 rooepit:
1014 1063 1066 1116 erit
1077 1073 1141 1131 ergo

39 1149 90 1200 pro,
112 1082 185 1196 iotie,
215 1143 318 1201 postea.
349 1131 468 1200 (recepit
489 1133 568 1184 etiam
586 1133 702 1184 Voaaius.
737 1139 828 1204 Aeque
847 1134 907 1197 hie,
930 1151 948 1186 r.
968 1153 991 1186 e.
1008 1133 1036 1186 in
1058 1133 1143 1184 ultera

39 1201 117 1252 forium
129 1213 219 1270 parte,
237 1212 267 1254 ut
279 1203 361 1254 altera
372 1201 446 1253 valva
476 1219 569 1270 agnam
583 1203 772 1271 Gangaridum,
791 1203 874 1254 altera
887 1203 1076 1273 Aegyptiorum
1091 1219 1141 1252 ex-

38 1270 119 1323 hibeat.
160 1273 280 1323 Ceterum
299 1272 327 1323 in
352 1271 450 1322 eiuamo
471 1270 477 1284 “
499 1271 679 1338 phantasmate
704 1290 757 1324 nou
776 1274 920 1340 premenda
947 1271 1040 1326 omnia.
1069 1269 1141 1336 Wr.)

38 1339 65 1392 80
77 1346 112 1391 At
132 1353 188 1392 tum
204 1339 288 1392 urbea
310 1340 352 1392 ed.
371 1341 439 1392 Ver.
473 1341 613 1412 Niplraten
625 1341 720 1393 Medio.
738 1361 753 1394 a
771 1359 805 1392 m.
819 1359 870 1394 aec.
891 1360 948 1394 oum
967 1341 1053 1393 multia
1075 1339 1142 1392 aliia.

40 1410 127 1476 (Medio.
138 1428 153 1461 a
164 1428 198 1461 m.
213 1427 256 1478 pr.
269 1409 419 1491 Noveram
437 1409 484 1460 aed
496 1409 580 1478 priori
592 1429 610 1462 o
626 1419 770 1480 expunctae
782 1428 861 1480 aupra
875 1411 1005 1480 adscripta
1021 1413 1045 1472 1'3
1064 1427 1142 1478 supra

39 1479 767 1621 titt*itttttts‘nttt‘“aittt“tti
780 1481 1142 1620 {ttiit't'j'titrtt

39 1616 127 1669 thorah
142 1635 172 1670 eo
187 1628 279 1670 moute
294 1617 382 1688 pulsus
398 1627 475 1669 earet.
510 1619 563 1670 Sed
575 1619 694 1686 virgulae
713 1619 855 1671 omiaaioue
868 1619 964 1672 factum
976 1631 1049 1688 puto.
1086 1619 1141 1670 Ni-

36 1687 118 1754 phates
125 1687 226 1759 pulsus
237 1687 361 1739 audacter
375 1687 481 1740 dictum.
508 1687 536 1740 Si
549 1689 646 1752 victua,
665 1689 792 1754 domitur,
811 1699 888 1751 esset,
908 1689 974 1740 nihil
988 1687 1141 1740 offenderet.

40 1755 76 1806 irc.
89 1758 179 1825 iiryuut
191 1757 275 1809 fuisse
286 1757 451 1810 coniectabat
460 1757 626 1828 pulsumque
644 1759 801 1811 Peraeam.
827 1756 921 1827 (urbe-r
940 1758 1037 1810 Medio.
1067 1757 1140 1824 Wr.)

24 1901 197 1963 ,oiaPalatini
208 1925 235 1964 a.
245 1905 308 1970 725
323 1904 461 1964 dedicati.
482 1904 560 1969 Pro-
606 1907 766 1984 Quiritum
775 1904 961 1984 designatum
969 1905 1143 1982 vider-iob-

24 1989 219 2067 2pert.11‚23‚
243 1995 285 2054 12
308 1993 350 2050 Et
369 1991 480 2050 valvae
499 1992 560 2048 Li-
601 1993 686 2052 vium
707 2000 759 2051 est.
808 1989 915 2050 Melius
936 1990 1016 2068 hoo,
1053 2013 1143 2070 quam
1210 2001 1216 2018 '

40 2069 90 2149 byei
105 2075 197 2134 aalide
218 2077 317 2134 dentis
336 2097 433 2155 opue,·
461 2076 559 2134 ultera
606 2079 766 2155 Quirinum
788 2097 845 2156 pro
872 2079 987 2156 populo
1011 2077 1142 2154 Quirini,

40 2159 143 2219 eacus
155 2164 307 2220 Pamaaai
319 2165 425 2221 vertice
441 2161 578 2236 Gallae·
600 2164 760 2238 Romania,
790 2182 808 2220 a
835 2171 925 2243 poete
953 2163 1020 2224 diei.
1055 2185 1143 2223 ormo

40 2245 115 2304 atera
126 2248 273 2306 moerebat
282 2247 401 2326 futuro
419 2249 559 2306 Tamali-
605 2248 846 2330 Qreiniaipoetioa
858 2249 1073 2310 consuetudine
1083 2269 1142 2329 pro

40 2327 98 2412 doe.)
111 2341 173 2390 tum
186 2353 218 2393 v.
235 2331 278 2396 34
291 2332 374 2412 rigna
386 2353 422 2391 ac
434 2342 559 2392 statuae.
601 2335 731 2410 Quirino
746 2335 780 2394 in
792 2334 900 2411 armis,
922 2345 1048 2395 armato.
1080 2336 1144 2394 Nisi

41 2415 162 2492 liugnam
182 2419 435 2498 Gangaridarum
454 2414 560 2500 (indo-
601 2441 689 2479 ωπια
708 2440 764 2499 pro
781 2419 875 2495 bello,
904 2439 1004 2498 pugna
1020 2429 1076 2479 aut
1094 2421 1144 2480 vi-

25 2504 140 2561 ruuad
153 2505 264 2584 Gangis
278 2503 354 2564 ostia
367 2505 405 2564 ab
419 2503 561 2564 occiden-
602 2505 713 2580 ctoria,
737 2505 818 2564 diota
841 2505 985 2583 accipiar,
1013 2505 1097 2583 quod
1112 2514 1144 2564 et

41 2585 80 2643 uti
92 2589 183 2673 parta)
204 2599 367 2666 memorat,
390 2591 459 2670 quia
476 2609 560 2649 eom-
600 2591 700 2672 ipsum
715 2589 790 2648 bene
806 2588 900 2648 fieret.

41 2674 120 2732 munia
135 2676 185 2734 ille
203 2676 331 2736 laudum
349 2677 434 2736 looua
447 2676 481 2734 in
494 2675 560 2734 Au·
645 2679 697 2740 28.
709 2679 760 2738 29.
782 2673 961 2753 Aegyptum,
979 2673 1066 2734 victis
1078 2673 1144 2732 An-

41 2767 122 2834 grau,
142 2771 178 2822 ut
190 2763 283 2822 Indos
296 2783 363 2821 oum
378 2761 562 2836 Parthiavi-
602 2761 687 2822 tonio
701 2770 731 2819 et
741 2759 897 2840 Cleopatra
910 2779 1012 2838 pugna
1022 2757 1145 2818 Aetiaoa

41 2849 90 2900 uos
104 2847 128 2904 ei
140 2857 192 2906 eut
208 2849 423 2928 promitterent
436 2856 490 2907 aut
505 2847 562 2906 tla-
602 2847 720 2922 navali,
742 2846 773 2904 in
788 2853 968 2926 potestatem
984 2845 1021 2904 ab
1039 2844 1145 2924 Augu-

42 2938 102 2987 rent.
127 2935 204 2993 cont.
227 2954 293 3014 oup.
315 2934 561 3014 Georg.11,171.
603 2943 651 2994 ato
667 2931 823 2994 redactam
837 2940 994 2992 memorat.
1023 2931 1145 2990 undare-

24 3077 25 3080 ,
44 3013 97 3077 172.
117 3016 188 3078 aen,
201 3020 225 3095 1,
246 3022 319 3084 289.
364 3019 562 3078 Gruabitita·
604 3033 663 3080 tem
682 3018 758 3076 bello
781 3027 812 3076 et
827 3037 994 3097 magnum,
1019 3017 1144 3098 copiose,

41 3113 114 3172 quea
129 3105 279 3184 scalptore
295 3105 393 3184 effingi
407 3105 498 3165 Indos
512 3105 563 3166 vi·
596 3107 747 3184 fluentem
769 3101 868 3186 2(nam
893 3103 972 3182 fluit
998 3123 1142 3183 magnum

42 3191 106 3261 ctae,
124 3189 293 3270 Aegyptum
308 3191 478 3266 subactam,
494 3197 564 3270 post
603 3191 729 3266 mizuae,
751 3188 878 3266 fluvius,
899 3185 997 3263 aetitia
1009 3189 1087 3271 ῥέει.
1106 3188 1145 3248 cf.

41 3265 173 3334 Actiacam
185 3277 354 3353 victoriam,
369 3286 437 3337 tum
451 3275 562 3352 Asiam,
604 3277 701 3336 BentL
721 3274 761 3334 ad
777 3276 884 3335 Horat
898 3275 913 3334 1
927 3277 1021 3334 Serm.
1034 3279 1064 3351 7,
1079 3271 1145 3356 28),

43 3441 127 3515 quium
144 3448 292 3508 redactos.
335 3449 483 3508 Memorat
505 3469 562 3508 au·
607 3445 698 3532 Wr.)
727 3448 829 3508 Nilum
850 3467 958 3526 magno
981 3445 1090 3526 spiritu
1111 3463 1146 3501 a·

43 3533 91 3584 lem
103 3551 161 3608 rer,
182 3555 323 3614 perquer
339 3555 388 3594 ara
402 3535 563 3614 symbolice
604 3553 705 3592 mnem
721 3533 863 3614 appellat,
885 3541 1010 3612 propter
1025 3549 1147 3608 magnae

43 3351 192 3420 Armeniam
213 3372 245 3421 et
263 3361 393 3422 Parthae
415 3361 454 3422 ud
474 3363 562 3422 obae-
605 3359 681 3444 (rid.
704 3371 810 3422 notata
829 3361 869 3420 ad
889 3359 962 3420 Aen.
977 3361 1054 3435 vul,
1073 3360 1145 3425 559.
1242 3399 1246 3408 -

44 3627 69 3666 tr
89 3618 208 3678 reddere
233 3620 347 3699 poerit:
378 3641 510 3702 pugnem
532 3629 563 3678 et
604 3629 766 3699 apparatus
780 3619 901 3678 bellicos
915 3617 952 3676 ab
968 3615 1098 3675 Antonio
1114 3615 1147 3674 iu
1257 3627 1260 3632 '

43 3696 168 3762 victorem
190 3705 377 3785 Augustum,
407 3708 508 3765 Nilum
533 3714 564 3764 et
605 3705 741 3784 Aegypto
762 3707 873 3780 saetor;
894 3711 930 3762 ut
944 3702 1072 3780 populos
1091 3709 1147 3758 aut

44 3787 182 3862 tropaeum
214 3792 370 3850 columnae
406 3801 563 3852 rostratae.
605 3789 864 3872 provintiaebello
876 3799 1017 3846 ermenteo
1031 3786 1146 3861 dicunt,

45 3863 173 3950 Quaerat,
195 3877 347 3956 quomodo
362 3877 453 3937 urbes
468 3887 499 3936 et
512 3895 564 3936 re-
606 3898 677 3936 oum
692 3877 822 3936 animose
838 3873 950 3932 bellum
968 3880 1092 3950 parant;
1112 3879 1148 3930 ut

45 3949 131 4030 liquo?
157 3963 290 4038 Scilicet,
306 3965 389 4023 utin
401 3964 500 4023 numia
514 3963 564 4023 vi-
607 3962 729 4022 omnino
746 3960 900 4040 superbia,
922 3959 1018 4032 sustu,
1037 3970 1148 4016 tuerere

46 4037 131 4101 demus
143 4049 310 4126 provinciae
320 4051 458 4109 muliebri
468 4051 565 4108 forme
608 4049 751 4107 dicuntur
769 4045 915 4106 homines.
959 4041 1053 4116 Quod
1078 4063 1148 4102 cum

47 4129 186 4209 *upplicem
224 4135 395 4194 Armeniam
422 4143 567 4194 maestam
608 4133 787 4213 adussuvium
799 4130 988 4204 manasertur,
996 4129 1148 4209 praeclare

48 4211 177 4278 edentem
195 4221 273 4280 inter
293 4241 390 4297 arma,
418 4217 567 4280 Parthum
606 4220 656 4280 ille
678 4219 788 4278 fluctus
808 4217 946 4290 volvere,
981 4235 1072 4294 aquae
1092 4235 1148 4274 au-

49 4311 127 4359 unum
142 4305 189 4364 rel
209 4307 269 4366 duo
288 4307 328 4366 ad
345 4317 504 4386 tropaeum
518 4325 567 4364 ee-
607 4324 675 4384 gere
696 4313 727 4362 et
750 4303 892 4376 incitare,
926 4301 1004 4361 bello
1033 4301 1149 4362 undare

50 4379 135 4446 denter
151 4393 286 4452 manibus
300 4403 369 4474 poat
382 4403 501 4472 tergum
515 4412 567 4451 re-
608 4391 670 4450 dioi
690 4397 797 4470 potest
839 4388 911 4446 Fert
930 4387 1011 4448 idem
1030 4387 1148 4467 patrius

50 4467 145 4534 vincia,
192 4477 485 4561 Augrutum‘autem
512 4497 567 4559 per
607 4495 715 4536 nermo.
763 4475 831 4536 Hoc
850 4473 974 4550 meliua,
1009 4471 1148 4551 quamsi
