2758 4990
370 1334 824 1412 EXCURSUS
877 1335 895 1407 1

204 1551 277 1616 De
312 1551 524 1616 Pleiade
558 1551 754 1614 Piscem
780 1553 1058 1634 fugiente.

1 1791 3 1854 Ϊ
69 1753 200 1885 Georg.
221 1801 269 1878 IV,
284 1804 349 1864 282
384 1803 515 1880 Taygete
529 1803 623 1860 simul
634 1823 668 1862 oe
686 1803 770 1862 terrie
788 1800 913 1860 ostendit
922 1799 1077 1860 honestum
1096 1800 1194 1872 Plr'oa,

68 1895 95 1940 el
120 1889 240 1947 Oceani
259 1898 373 1965 apretoa
390 1887 469 1964 pede
485 1888 595 1964 repulit
618 1890 737 1946 onmia:
767 1893 832 1946 Ant
847 1887 953 1946 eodem
970 1885 1053 1944 ardua
1064 1885 1196 1964 segieno

1 1987 3 2016 ι
67 1968 119 2032 ubi
133 1976 234 2032 P'ncie
251 1974 361 2052 aquosi
382 1973 506 2030 Tristior
523 1971 663 2032 hibernae
684 1973 765 2032 coelo
786 1973 938 2032 descedit
953 1976 985 2030 in
996 1972 1106 2032 candoe.
1153 1970 1195 2028 De

67 2055 225 2120 Pleiadum
245 2066 316 2120 ortu
339 2065 371 2116 et
389 2077 496 2118 occasu
516 2059 577 2138 agl,
606 2059 798 2118 manifestum
814 2058 866 2134 fia,
896 2057 1139 2135 declaratumque
1161 2055 1195 2115 id

1 2207 2 2222 ¹
68 2147 142 2206 eatis
165 2153 211 2204 eat
230 2143 262 2204 in
281 2143 367 2204 Notio
389 2143 430 2204 ad
450 2143 526 2204 h.v.
569 2143 673 2204 Altera
694 2153 796 2204 tamen
814 2165 885 2224 para
906 2144 960 2204 vix
975 2144 1045 2204 aetia
1060 2141 1220 2223 expediri⁴

1 2229 2 2278 Ϊ
67 2250 154 2310 poree
185 2229 434 2310 interpretatione
459 2229 523 2290 ulla
550 2231 730 2291 videbatur:
765 2229 984 2308 haerebamque
1007 2231 1038 2290 in
1057 2249 1092 2289 eo
1112 2229 1195 2310 ipre,

68 2327 218 2396 quatenus
238 2316 332 2375 Pleias
352 2315 488 2374 occidere
501 2315 561 2374 dici
581 2327 697 2394 poaaet,
709 2317 842 2395 fugiam
862 2317 945 2374 sidua
959 2317 1057 2374 Pisais
1073 2317 1190 2394 aquosi.

1 2405 2 2414 ’
68 2403 187 2464 Etenim
209 2401 239 2460 in
258 2400 319 2458 boc
339 2401 517 2460 aestuabant
535 2401 644 2480 lntpp.,
665 2402 752 2480 quale
774 2399 834 2460 hoc
847 2401 930 2459 eidus
944 2401 998 2475 ait,
1023 2409 1054 2458 et
1067 2419 1127 2478 qua
1140 2419 1194 2458 ra-

1 2471 2 2500 r
67 2491 152 2548 tione
170 2485 263 2544 Pleias
283 2483 361 2542 illud
377 2485 477 2563 lugere
488 2484 617 2546 dicatur.
659 2487 761 2564 Neque
776 2487 871 2559 enim,
892 2485 955 2544 eive
970 2505 1024 2564 per
1043 2503 1194 2564 gramma-

1 2643 2 2648 *
67 2576 143 2634 tioae
166 2571 229 2630 eive
251 2589 306 2650 per
327 2569 543 2628 anonomcas
556 2571 704 2646 rationes,
732 2571 829 2632 Servii
842 2572 941 2628 Ρίεοίε
956 2571 1114 2643 amenta,
1138 2588 1194 2628 uec

69 2663 193 2731 Pisaea,
218 2675 274 2715 nec
294 2655 450 2734 Scorpius,
474 2675 531 2714 nec
545 2657 656 2735 Hydra
678 2656 728 2715 hic
747 2655 907 2715 memorari
925 2664 1066 2734 poscunt3
1087 2663 1124 2714 ut
1137 2674 1194 2715 nec

68 2741 259 2820 Delphicam,
291 2741 343 2818 qui
368 2761 416 2821 pr.
436 2741 536 2800 Nonae
558 2741 688 2803 Ianuarii
709 2742 902 2802 exoriebatur
923 2760 962 2800 ex
989 2740 1119 2800 Caesarie
1138 2761 1193 2799 ra-

67 2831 170 2904 tione,
199 2827 261 2887 vid.
281 2826 356 2886 Plin.
376 2825 483 2902 xv111,
496 2831 548 2902 26,
575 2848 598 2888 a.
617 2831 668 2904 64,
689 2847 779 2905 quem
799 2827 874 2888 adeo
895 2847 953 2886 nec
975 2827 1078 2906 lugere
1100 2826 1193 2887 Pleiai

68 2913 166 2980 videri
177 2919 284 2994 pateat.
327 2911 391 2972 Nisi
413 2911 494 2974 forte
514 2915 613 2972 Paria
630 2913 663 2972 in
682 2915 791 2972 stratio
809 2921 965 2988 mutetur,
992 2933 1053 2992 quo
1072 2913 1193 2972 nomine

68 3003 176 3061 Cetum
196 3009 313 3060 veteres
335 2999 499 3058 astronomi
513 2997 680 3079 appellant3
709 3009 836 3078 poemat
856 2999 900 3058 ita
914 2997 1045 3060 Pleiades
1063 2997 1193 3078 quadam

67 3087 186 3147 ratione
202 3086 264 3146 eiua
285 3085 396 3146 rictum
415 3084 548 3144 hiantem
566 3083 663 3144 videri
681 3083 827 3164 effugere5
845 3085 892 3146 uti
907 3083 1050 3144 Orionem
1072 3085 1194 3164 lugiunt

67 3173 100 3232 in
119 3191 171 3248 eo,
202 3191 291 3251 quem
314 3171 453 3232 laudavit
474 3169 609 3230 Guelliue
628 3179 659 3230 et
681 3189 749 3230 cum
771 3179 875 3230 nocuo
887 3170 1097 3280 comqaravit,
1125 3170 1192 3230 loco

68 3217 177 3334 Quinti
204 3261 323 3339 Smyrn.
348 3257 475 3338 Paralip.
497 3257 541 3334 V,
562 3259 626 3321 367
650 3276 692 3334 aq.
717 3251 838 3337 Πληϊας
865 3249 917 3318 εὖτ
958 3280 1133 3363 ακαμαντος
1161 3255 1193 3332 ἐς

63 3337 150 3408 'Siue
165 3349 232 3407 roio
268 3343 381 3427 ῥέεθρα
408 3335 534 3418 Aieess
567 3335 813 3405 anomoioooooa
842 3339 1019 3424 περικλυτόν
1044 3337 1192 3423 ’.Ωρίωνα

66 3430 140 3490 Fuit
162 3429 209 3490 vir
233 3369 364 3506 docturi,
399 3429 517 3508 quiite
544 3447 720 3490 succurrere
743 3427 883 3502 volebat,
918 3437 955 3488 ut
977 3427 1191 3508 distingueret.

67 3515 133 3576 Aut
149 3515 272 3592 eadem,
295 3475 379 3579 aidria
388 3516 520 3595 fugiens
542 3513 596 3573 zahi
614 3515 713 3573 Pirria
734 3517 844 3594 aquosi
863 3507 938 3595 (scil.
954 3521 1000 3572 eat
1008 3511 1095 3596 ‚ibi)
1123 3515 1192 3573 th·-

67 3603 142 3660 etior
160 3599 299 3660 bibemos
318 3601 468 3660 descendit
487 3603 520 3658 in
534 3599 653 3659 undae.-
680 3599 764 3679 quod
780 3599 833 3658 vix
850 3599 997 3678 reperiet,
1027 3599 1077 3659 cui
1095 3619 1126 3658 ae
1141 3619 1192 3658 aa·

67 3687 107 3746 tia
120 3687 235 3764 probet.
277 3687 393 3748 Petitur
412 3687 450 3748 de
467 3686 522 3745 LL.
537 3685 628 3746 Atuc.
650 3706 680 3765 p.
695 3687 757 3750 390
776 3682 956 3766 (Iuriaprud.
974 3685 1062 3744 Ilom.
1083 3695 1114 3744 et
1129 3683 1192 3746 tta

67 3773 102 3832 T.
123 3770 173 3846 III,
195 3792 224 3850 p.
246 3769 322 3854 485)
347 3773 437 3832 aua
459 3773 550 3831 solem
568 3771 799 3851 interpretatur,
829 3769 1001 3852 quadratio
1024 3781 1107 3830 recte
1126 3770 1193 3830 ficri

67 3875 170 3937 porse,
192 3877 254 3916 non
275 3875 395 3938 negem3
421 3855 505 3918 huuc
522 3857 667 3938 Vergiliae
694 3857 828 3937 lugiunt,
858 3875 926 3916 cum
939 3876 1074 3916 aversam
1090 3857 1194 3916 abillo

67 3951 99 4002 et
118 3943 300 4003 contrariam
321 3943 485 4004 instituunt
503 3943 591 4020 viam.
635 3943 704 4004 Sole
721 3943 801 4002 enim
816 3959 833 4000 e
851 3941 927 4002 mari
944 3953 1112 4022 emergente
1124 3943 1192 4002 illae

66 4031 98 4088 ln
113 4047 196 4088 mare
209 4028 403 4090 descendunt.
445 4029 696 4089 Hactenuabeue.
731 4027 791 4088 Sed
802 4037 868 4088 tum
880 4028 978 4108 iungit
992 4029 1090 4088 undae
1098 4031 1193 4107 μία-ἐι

67 4117 176 4194 aquoai
184 4160 192 4189 ,
217 4123 253 4174 ut
268 4135 324 4194 pro
340 4115 416 4174 mari
431 4115 528 4174 dictae
541 4115 617 4192 eint5
638 4114 698 4174 hoc
710 4135 785 4176 voro
799 4115 889 4178 nullo
899 4113 989 4174 modo
1005 4113 1192 4196 fieripotert,

15 4275 18 4282 .
68 4210 122 4258 aut
139 4209 219 4260 certe
232 4200 410 4260 ieiuniaaime
422 4201 517 4261 fieret.
559 4201 663 4279 Itaque
675 4200 900 4260 adhaerendum
917 4201 997 4259 lorte
1014 4199 1129 4260 Petavii
1142 4201 1193 4260 iu-

68 4285 147 4344 dicio
161 4286 283 4346 Auctor.
301 4287 357 4366 Op.
375 4285 412 4346 de
428 4287 528 4346 Docte.
543 4287 643 4366 Temp.
658 4287 781 4367 p.11,9,
803 4287 877 4346 etin
890 4285 1047 4347 Vaallim.
1062 4286 1101 4346 ad
1114 4287 1194 4345 Ura-

67 4371 164 4452 nolog.
180 4373 232 4432 lib.
255 4373 290 4448 ll,
313 4393 342 4453 p.
355 4373 413 4447 95,
435 4373 613 4430 eoeneum
633 4371 716 4432 hunc
742 4373 780 4432 de
800 4371 931 4451 piacibua
951 4372 1193 4432 irwrtricobilem.

68 4457 247 4535 Subiiciam,
277 4478 352 4538 quae
370 4455 443 4518 mibi
467 4457 663 4518 aniciorum
684 4459 884 4534 llaeatnerue,
913 4457 973 4520 boc
988 4457 1103 4519 deloco
1119 4477 1194 4518 oon-

896 4561 984 4632 44*
