2666 4996
206 362 255 432 38
391 352 641 438 SPOHNll
665 348 1138 426 PROLEGOMENA

204 538 372 614 maxime
389 562 513 638 quum
526 536 680 612 Asinius
694 533 821 613 Pollio
840 533 997 610 abesset
1009 533 1059 608 ad
1074 533 1310 632 Placentiam

205 666 257 718 ne
271 638 439 740 amplius
454 651 585 716 essent
601 637 800 740 provincia
810 637 1310 733 AntoniimittebautOcta

204 745 319 818 viano
337 745 547 843 pecuniam
566 754 605 816 et
620 741 787 838 milites,
814 765 866 816 ue
886 739 1090 841 quisalius
1113 743 1310 816 exercitum

205 872 279 950 per
291 847 465 948 speciem
481 843 763 943 gubernandae
777 844 1003 944 provinciae
1023 842 1160 922 aleret.

305 953 391 1026 Hoc
406 963 590 1048 tempore
607 947 788 1048 Virgilius
800 951 958 1034 ,Romae
979 960 1080 1036 erat;
1107 946 1202 1022 huic
1220 945 1310 1022 enim

204 1049 376 1151 tempori
403 1053 645 1126 conveniunt
661 1075 782 1152 poma
805 1063 958 1125 matura
982 1074 1034 1127 vs.
1061 1060 1109 1128 37
1138 1075 1196 1150 sq.
1217 1074 1310 1124 com*

204 1167 444 1246 memorata;
479 1167 567 1230 tum
602 1155 836 1230 Octavianus
863 1153 942 1230 hoc
971 1166 1159 1254 tempore
1181 1151 1310 1230 facilior

205 1257 255 1332 ad
280 1255 533 1334 exorandum.
584 1261 635 1332 Et
659 1257 902 1358 impetravit,
937 1255 1047 1357 quod
1070 1255 1214 1350 voluit,
1239 1256 1309 1329 Vir·

203 1359 344 1453 gilius,
395 1373 483 1436 tum
524 1359 635 1460 quod
664 1362 747 1460 ipse
783 1360 873 1434 civis
907 1359 1054 1436 Galliae
1088 1357 1308 1459 Cisalpinae:

204 1477 290 1538 tum
314 1463 425 1563 quod
452 1465 535 1540 sine
555 1463 679 1543 dubio
696 1463 830 1538 minor
848 1475 931 1540 erat
947 1485 1056 1560 ager,
1092 1460 1164 1540 cfr.
1189 1485 1254 1538 vss.
1270 1467 1305 1536 lt

114 1565 118 1574 ’
203 1572 348 1658 -49.;
386 1591 463 1742 dua
488 1565 539 1640 de
563 1592 608 1644 re
625 1565 702 1644 vid
730 1591 833 1668 quae
860 1589 978 1668 supra
1005 1564 1191 1658 diximus;
1217 1563 1306 1638 deni

205 1693 283 1774 que
302 1692 384 1768 quq
428 1682 577 1770 poeta
605 1683 705 1764 erat,
733 1669 800 1769 qui
817 1668 982 1770 quidem
997 1692 1055 1748 ao.
1072 1677 1098 1746 ,7
1106 1677 1164 1750 12.
1190 1667 1227 1742 in
1242 1665 1305 1740 lau-

205 1771 275 1848 des
295 1773 468 1848 Caesaris
492 1772 572 1850 Ecl.
598 1777 644 1855 V.
671 1770 837 1868 fecerat,
867 1773 1017 1873 quique
1043 1777 1303 1858 sarracenae,

205 1876 410 1950 communi
429 1887 642 1975 poetaraun
659 1876 906 1975 omniumque
921 1876 1100 1954 virorum
1118 1873 1303 1950 doctonnn

202 1989 373 2078 patrono
391 2003 435 2057 ac
450 1976 629 2074 fautore,
657 1979 1022 2071 commendabatur.
1073 1982 1212 2079 Neque
1229 1997 1301 2048 ver⁰

202 2105 276 2179 per
291 2079 421 2158 literas
437 2080 914 2170 commendaticiasalsiuii
923 2081 1124 2178 Pollionis,
1140 2094 1186 2159 ut
1198 2077 1302 2158 statuit

202 2185 379 2282 Vossius,
407 2183 587 2262 adiutum
615 2199 778 2285 poetam
796 2199 936 2286 putare
958 2185 1066 2277 licetg
1097 2177 1299 2286 quippequi

203 2287 363 2370 Antonii
394 2301 497 2368 esset
529 2285 777 2388 praefectus,
813 2290 920 2366 etin
951 2288 1155 2389 prouincia
1184 2293 1299 2382 ageret

203 2415 323 2490 quam
341 2391 578 2470 Octavianus
598 2393 753 2492 eripere
775 2391 978 2488 studebat,
1006 2405 1127 2492 atque
1153 2387 1216 2465 illo
1234 2389 1298 2485 ipso

202 2505 386 2594 tempore
401 2509 650 2595 oppugnaret
660 2496 862 2574 Octaviani
879 2494 999 2572 duces
1011 2492 1298 2574 aduncatum

200 2620 333 2698 neque
366 2599 485 2674 etiam
512 2623 585 2698 per
615 2596 805 2679 Alfenum
838 2603 989 2677 Varum
1023 2611 1064 2672 et
1100 2593 1296 2674 Cornelium

202 2698 377 2796 Gallum,
393 2697 615 2813 praefectos
633 2703 837 2780 Octaviani
851 2703 893 2776 in
908 2699 972 2776 illa
988 2700 1206 2800 provincia,
1222 2717 1297 2796 quo·

201 2828 292 2879 mm
317 2803 428 2880 locus
455 2827 589 2904 neque
615 2817 774 2905 poterat
794 2804 897 2884 ullus
926 2828 1038 2902 esse,
1071 2826 1202 2903 nequo
1226 2809 1295 2875 erat

201 2906 257 2980 uti
285 2907 661 3006 statimlvidebimus

301 3014 440 3086 Mense
464 3011 691 3112 Septembri
707 3009 850 3086 Lucius
875 3022 915 3088 et
930 3010 1175 3088 Octavianus
1194 3007 1293 3086 ll0111a

200 3111 397 3208 abierunt,
431 3112 496 3188 hic
518 3114 569 3190 ad
587 3111 842 3192 deducendas
867 3111 1060 3208 colonias,
1087 3111 1154 3190 ille
1175 3107 1218 3184 ad
1238 3103 1293 3180 mi·

200 3213 304 3288 lites·
326 3210 512 3295 visendos
544 3230 585 3292 et
615 3217 791 3303 colonias
822 3217 1076 3302 Antonianas·
1097 3215 1137 3290 in
1167 3207 1291 3286 Bruttia.

199 3316 402 3394 Discordia
419 3321 540 3396 crevit
563 3318 852 3404 calumniando.
878 3320 1020 3397 Lucius
1036 3317 1191 3397 recessit
1203 3318 1291 3390 Prae-

199 3435 320 3501 neste.
371 3425 530 3499 Frustra
546 3423 801 3502 reconciliare
820 3421 1058 3508 surduerunt
1071 3416 1289 3498 concordiam

200 3524 321 3602 duces
344 3525 549 3624 legionum
571 3529 610 3604 in
628 3525 793 3606 concilio
815 3527 1022 3606 Teanensi
1073 3523 1207 3602 Lucius
1227 3509 1289 3590 bel·

198 3627 283 3705 lum
301 3655 441 3730 parare
457 3630 597 3730 coepit.
651 3631 844 3708 Abiertmt
867 3629 919 3706 ad
938 3650 1033 3706 eum
1056 3633 1181 3708 Roma
1203 3639 1289 3723 prac-

198 3744 260 3806 ter
289 3733 467 3810 Fulviam
503 3732 731 3836 liberosque
765 3735 926 3811 Antonii
961 3735 1099 3831 ingens
1134 3737 1287 3804 numerus

115 3908 119 3934 ,
198 3848 428 3911 senatorum
451 3849 491 3912 et
516 3839 715 3937 equitum;
744 3835 931 3914 confluxit
954 3835 1004 3914 ad
1029 3833 1196 3913 eundem
1210 3819 1287 3901 mul·

199 3937 325 4043 titudo
345 3963 619 4039 possessorum
640 3939 840 4016 laesorum
860 3953 900 4016 et
917 3940 1142 4023 eiecturum.
1248 4026 1254 4041 .

302 4043 539 4121 Octavianus
554 4067 694 4122 mense
712 4043 877 4120 Octobri
891 4067 965 4143 per
981 4044 1125 4120 amicos
1140 4036 1283 4138 privam

199 4147 412 4220 Praeneste
434 4148 600 4244 missos,
634 4147 755 4224 duces
774 4160 814 4222 et
842 4169 1030 4246 proceres
1057 4168 1128 4243 per
1159 4138 1283 4232 legatos,

199 4245 346 4322 deinde
370 4249 605 4326 Octavianus
636 4275 710 4350 per
732 4248 882 4346 legatos
910 4275 955 4326 ex
981 4247 1146 4324 exercitu
1166 4237 1282 4316 missos.

197 4349 332 4450 paullo
347 4365 438 4450 post
457 4377 502 4428 ex
520 4351 789 4448 senatoribus,
816 4352 915 4442 nihil
933 4351 1164 4440 effecerunt,
1180 4351 1216 4416 ut
1226 4338 1281 4410 bu·
