2656 5008
167 367 520 446 GEORGICON
545 369 650 444 LlB.
676 368 725 462 11,
752 373 971 448 eto-tto
1050 373 1126 448 448

46 555 200 656 Explicuit
215 555 339 654 legin,
360 547 408 632 ¹et
422 579 564 655 campo
580 555 686 629 stetit
702 575 844 650 agmen
864 567 1014 654 aperto,
1049 563 1127 636 280

44 663 264 760 Directaeque
279 660 398 750 acics,
426 683 469 734 ac
486 657 563 734 late
577 655 742 732 fluctuat
757 657 887 730 omnis

44 769 118 838 lere
134 762 325 838 renidenti
340 761 472 858 tellus,
499 786 574 837 nec
593 761 691 836 dum
706 758 867 834 horrida
883 759 1052 836 miscent

43 864 180 962 Proelia,
207 866 278 942 sed
297 865 441 941 dubius
458 865 601 940 mediis
615 869 721 941 Mars
739 877 842 938 errat
858 863 899 936 in
915 865 1050 942 armis:

44 971 155 1044 Omnia
170 970 247 1046 sint
262 969 422 1070 paribus
444 969 621 1045 numeris
640 966 818 1042 dimensa
834 967 1006 1060 viarum3

43 1075 106 1146 Nou
137 1075 312 1149 animum
347 1071 474 1148 modo
512 1074 570 1148 uti
607 1083 739 1172 pascat
772 1083 1008 1172 prospectus
1045 1070 1129 1144 ina-

586 1199 700 1266 nem3
1052 1175 1128 1253 285

42 1277 97 1352 Sed
112 1279 196 1380 quia
214 1302 298 1354 non
314 1279 428 1354 aliter
442 1279 546 1354 vires
564 1278 673 1354 dabit
686 1275 874 1354 omnibus
889 1297 1033 1377 aequas

65 1485 105 1538 28)
118 1487 233 1557 Explicit
246 1486 314 1536 lunt.
329 1488 405 1557 regio
419 1487 522 1556 Meurig.
592 1487 642 1540 281
661 1491 795 1540 Derectae
807 1485 945 1546 Romanus,
961 1479 1056 1533 Medic.
1071 1497 1129 1532 eum
1222 1475 1226 1484 ⁴

41 1553 116 1616 uoltis,
132 1567 159 1606 at
173 1571 235 1608 mox
252 1555 380 1608 demensa
392 1573 416 1606 v.
431 1556 492 1610 284.
528 1555 586 1608 lato
599 1558 666 1606 Ven.
701 1567 807 1606 utunns
826 1553 913 1604 Mead.
948 1563 976 1602 et
986 1551 1046 1602 edd.
1062 1560 1127 1602 vett.

36 1619 136 1690 [tigerat
153 1623 276 1676 tentabat
290 1626 329 1676 lo.
352 1625 491 1676 Schrader.
568 1625 622 1680 282
638 1625 769 1676 renitenti
784 1621 867 1674 multi.
901 1622 1003 1674 nitenti
1021 1619 1128 1672 Vratisl.

39 1691 110 1742 actm
125 1693 223 1746 Zalieb.
259 1696 334 1746 arrisit
347 1695 454 1746 Mentcl.
472 1711 534 1746 am.
547 1712 603 1763 pr„
625 1693 792 1744 librariorum
807 1689 970 1760 quisquiliae.
1004 1694 1040 1744 tt
1058 1693 1128 1742 Wa-

38 1759 277 1826 rennuerent,
295 1759 347 1818 504
363 1763 407 1814 ubi
422 1782 471 1833 pro
486 1766 637 1816 commiscet
653 1761 755 1814 elibris
776 1771 882 1814 eruerat
902 1761 1049 1824 corturiaci,
1071 1777 1129 1812 cum

39 1827 157 1900 iat'irgilio
173 1833 261 1884 locum
277 1832 519 1902 circumspexisset,
538 1833 582 1884 ubi
596 1833 666 1883 idem
679 1833 765 1884 locum
777 1831 906 1894 haberet,
928 1829 1043 1884 scribere
1055 1829 1129 1880 iubet

38 1895 174 1954 ttmucie.
211 1901 270 1954 Etsi
290 1901 345 1953 anti
364 1921 396 1954 ua
410 1904 495 1954 forma
509 1920 568 1954 esse
581 1902 683 1971 potuit,
701 1903 797 1963 misce,
815 1901 941 1962 nti-rcere,
965 1899 1038 1951 utin
1054 1899 1128 1960 aliia;

37 1968 242 2038 oaeexptcye,
267 1989 317 2040 pro
363 1989 417 2040 yn,
440 1967 555 2040 μιγνύω.
590 1973 690 2023 illiceat
711 1979 741 2022 ut
755 1970 789 2022 ad
804 1972 915 2020 Martem
929 1969 1062 2032 trabatur,
1079 1986 1129 2038 per

37 2039 117 2091 »elene
136 2059 163 2092 se
184 2041 298 2103 babcat;
323 2041 371 2094 sed
384 2059 506 2160 qqroraunr
525 2050 609 2092 mutes
622 2041 770 2108 vulgatum,
789 2039 859 2108 quod
875 2048 902 2088 et
919 2038 1004 2108 ipsum
1020 2039 1087 2090 bene
1099 2055 1128 2089 aa
1195 2065 1199 2076 ν

36 2103 109 2161 lebet?
174 2112 228 2166 283
245 2111 342 2162 merida
354 2111 392 2162 du
409 2113 454 2163 ius
472 2111 596 2162 ltottcnd.
617 2111 693 2162 ulter.
713 2109 851 2178 (demensa
863 2107 967 2172 Medic,
991 2107 1069 2159 etsie
1083 2107 1128 2160 alii

34 2179 355 2302 ttt¹t¹tt²¹tlli¹ttt
369 2177 687 2319 tilloitidllx
699 2175 1130 2309 offiet'ottttuttlt‘tt

34 2317 89 2368 rtait
103 2337 148 2387 pro
163 2319 301 2370 inanitate.
337 2321 449 2382 Verum,
467 2318 489 2369 si
508 2319 560 2368 hoc
573 2319 725 2386 legeretur,
746 2325 817 2368 esset
839 2315 926 2385 potius
948 2315 1130 2384 explicandum

34 2383 125 2451 barre,
142 2389 233 2452 caelo,
251 2398 281 2438 ut
300 2388 465 2458 inaneepnd
481 2389 585 2440 Lucret.
600 2397 629 2438 et
648 2386 752 2454 Virgit,
776 2383 872 2438 utEcl.
887 2387 932 2448 Vl,
950 2385 993 2440 51.
1027 2384 1128 2452 803ςὶ-

34 2453 160 2510 documen
180 2457 272 2510 excudi
290 2457 389 2508 ornarit
408 2459 501 2510 r'nane.
526 2457 640 2524 (adiecta
657 2465 746 2508 tamen
763 2455 833 2506 lines
846 2463 1010 2516 transversa,
1035 2463 1065 2504 ut
1080 2470 1129 2505 ex-

32 2521 75 2574 bnt
90 2529 204 2578 marem.
233 2527 319 2596 Wr.)'
340 2529 378 2579 Ex
399 2525 477 2578 simili
501 2525 632 2594 scriptura
675 2526 818 2586 rosecium,
845 2523 916 2590 quod
937 2525 1015 2574 Voss.
1038 2521 1129 2588 habet,

33 2611 98 2646 anre.
130 2599 289 2648 Burmannus
312 2613 327 2648 e
348 2595 473 2648 britanno
494 2596 585 2648 codice
602 2595 647 2646 lau
666 2605 694 2646 at
709 2603 873 2665 prospectus
892 2593 997 2650 inania
1021 2592 1128 2644 Mar-tin.

32 2663 101 2716 utum
123 2666 295 2718 variationem
312 2665 422 2718 notavit.
465 2667 512 2719 Est
529 2664 596 2716 illud
616 2664 694 2714 etiam
716 2681 730 2713 e
751 2661 902 2714 coniectura
923 2659 995 2710 docti
1011 2659 1130 2712 Britanni

31 2735 168 2800 onpositrnn
181 2736 257 2788 Obss.
272 2733 343 2788 miso.
361 2735 423 2786 vot
439 2737 459 2797 l,
476 2737 508 2786 T.
522 2737 533 2786 1
552 2753 591 2804 pr.
605 2733 682 2816 facile
697 2730 823 2814 lirmquda
837 2747 869 2782 ex
884 2733 947 2780 Aen.
960 2730 980 2791 l,
997 2727 1050 2785 463
1064 2733 1129 2811 ani-

30 2817 80 2927 1¹:¹5¹
85 2818 279 2924 lifissl'iii'
266 2803 634 2925 dttttulqtlttnt
643 2797 1130 2950 *lettltltttl‘l'tttitit}

30 2941 126 3004 creticae
144 2943 243 2994 rationi
265 2942 472 2994 convenientius.
508 2941 634 3011 Epitlreta
650 2942 688 2992 ita
710 2949 853 3010 permutari
870 2937 904 2988 ad
926 2937 1050 2990 maiorem
1064 2955 1129 2990 ora-

30 3009 89 3060 tionis
102 3022 266 3063 venustatem
283 3012 340 3080 quis
357 3029 411 3064 non
430 3011 601 3064 observavit?
625 3013 734 3064 intimus
748 3009 842 3060 inanis
859 3018 899 3060 est
914 3007 980 3070 eins,
994 3009 1043 3080 vqui
1062 3026 1129 3078 pro-

28 3090 97 3143 ·pcctn
118 3081 190 3134 inani
208 3081 340 3150 parcitum
362 3091 392 3132 ut
412 3085 521 3134 anicitus
534 3099 626 3134 vanus
644 3081 714 3142 eim,
732 3077 776 3148 qui
789 3095 855 3129 vana
866 3077 992 3146 sequitur.
1027 3081 1130 3132 Trans-

27 3147 72 3198 lcrri
86 3151 186 3202 scilieet
197 3151 261 3202 talia
282 3149 308 3202 in
325 3161 444 3202 nostrum
465 3167 611 3202 sennonem
630 3158 768 3218 nequeunt.
803 3149 870 3198 Nam
882 3163 961 3198 vanus
983 3159 1010 3200 et
1028 3147 1129 3202 ieiunus

27 3218 106 3269 trinus
120 3223 148 3271 b.
159 3219 176 3271 l.
192 3219 306 3301 intelligi
320 3237 351 3272 ac
371 3221 448 3274 reddi
466 3238 519 3270 non
541 3219 663 3270 debebat.
700 3219 729 3268 In
741 3215 815 3268 Misc.
837 3216 912 3268 Obas.
932 3219 978 3282 Ν,
996 3237 1056 3288 pag.
1077 3217 1130 3274 344

27 3285 61 3336 lic
73 3289 169 3342 Doctus
185 3291 214 3356 (l.
231 3290 333 3356 lortm.)
349 3293 468 3342 animum
484 3291 592 3341 inanem
605 3289 793 3358 interpretetur
806 3303 927 3350 vacuum,
953 3287 1079 3352 otiosum,
1098 3305 1130 3338 ex

25 3357 385 3426 teorg.111,³;atvereor,
403 3358 673 3428 utboofieripoasit.
709 3358 762 3426 l·-
776 3357 836 3414 286.
854 3358 924 3408 viria
938 3355 1033 3410 Medic.
1058 3358 1128 3428 Wr.)

25 3515 142 3590 paratio,
163 3537 293 3594 quacum
307 3515 425 3576 dudum
437 3525 549 3576 contu-
590 3515 1016 3591 acutiqinterduoexercitus.
1039 3519 1130 3576 Mara

24 3595 70 3656 ltre
89 3601 205 3664 Luctet.
231 3601 277 3676 ll,
291 3605 403 3666 828-
416 3605 487 3666 832.
511 3601 549 3661 oi.
591 3615 669 3660 errat
692 3601 818 3683 dubites,
849 3601 975 3680 egregie,
998 3603 1130 3661 cumin-

24 3681 75 3742 lora
87 3685 243 3746 Homerica
258 3687 366 3767 Odyea.
383 3689 414 3764 ξ,
436 3691 548 3767 267eq.
591 3695 707 3746 certum
721 3687 821 3746 adhuc
834 3698 888 3760 est,
911 3687 948 3744 ab
960 3695 1033 3745 utra
1043 3695 1130 3766 porta

24 3767 94 3829 lliad.
108 3797 134 3846 r,
147 3777 258 3850 ootrq.
281 3774 394 3852 longa,
420 3791 455 3832 eo
470 3773 546 3852 ipso,
590 3781 622 3832 et
646 3773 766 3850 quando
792 3793 891 3852 pugna
910 3771 1030 3831 initium
1042 3772 1130 3832 habi-

24 3857 93 3930 qaod
108 3877 138 3916 se
151 3858 289 3937 expliom.
311 3860 371 3917 late
385 3859 549 3938 telluastu-
590 3867 662 3917 tura
683 3859 729 3918 sit
773 3859 848 3916 Nam
875 3858 912 3915 de
934 3867 1046 3917 eventu
1069 3879 1130 3938 pu-

24 3953 93 4000 rtuat
108 3965 192 4020 aere,
214 3963 273 4023 pro
286 3961 331 4019 eo,
347 3934 438 4022 'qnod
453 3963 502 4004 aes
516 3944 550 4004 in
590 3963 664 4022 gnae
687 3943 779 4003 dubio
799 3942 851 4002 bic
879 3963 940 4001 non
964 3943 1128 4020 quaeritur.

25 4026 137 4102 tellure,
157 4027 294 4105 barma,
316 4049 470 4090 armorum
486 4029 549 4090 ful·
591 4027 655 4093 284
670 4061 714 4074 -
730 4031 803 4094 286.
824 4027 952 4106 paribus
986 4033 1127 4106 marens,

24 4127 80 4186 gor,
107 4113 250 4191 fluctuat,
287 4123 438 4192 coruscat,
476 4115 549 4174 dum
591 4115 707 4174 Colum.
726 4113 876 4173 ordinetur
899 4116 988 4171 vircea
1002 4115 1130 4193 pacibus

24 4209 172 4260 noventur
193 4201 302 4280 passim
327 4221 410 4260 arma
428 4209 458 4260 et
474 4221 549 4260 con·
591 4199 767 4258 mercatis.
817 4197 904 4256 Iubet
929 4197 1020 4276 igitur·
1044 4201 1129 4264 Maro

24 4293 182 4345 vertuntur.
224 4287 273 4345 Sic
295 4287 442 4346 undanter
461 4307 548 4364 rege·
592 4284 713 4344 ordines
726 4283 834 4344 vitium
846 4301 943 4342 serere
958 4305 1055 4364 peres,
1067 4309 1129 4348 non

24 4377 71 4440 ns,
85 4372 233 4446 fimana,
252 4371 375 4450 smmis.
406 4371 550 4430 renidenti
590 4369 682 4429 modo
693 4369 897 4428 delectationis
906 4391 1017 4450 cauma,
1039 4386 1130 4454 quant

24 4469 53 4508 cx
73 4453 189 4516 Lucret.
206 4457 226 4516 l.
247 4458 267 4516 l.
291 4461 364 4522 828.
394 4455 500 4516 mediis
516 4459 550 4516 in
591 4457 708 4518 animm
720 4463 927 4536 exproapectu
937 4459 1044 4540 capiat,
1058 4461 1129 4520 arri-
