2758 4990
255 363 1066 464 ououorcouars.1v,ns-4es
1146 376 1221 452 oso
1328 337 1332 348 ’

98 541 309 630 Conlocat:
334 553 416 652 ipsa
432 551 572 652 procul
589 550 745 628 nebulis
762 550 929 628 obscura
946 554 1098 632 resistit.

96 659 181 732 Iam
199 653 360 756 rapidus
375 668 532 732 torrens
549 656 714 731 sitientis
731 656 853 730 Sirius
865 655 989 732 Indos
1145 661 1222 738 425

95 757 291 850 Ardebat3
320 757 435 834 coelo
454 771 494 833 et
507 758 689 836 medium
707 757 776 834 Sol
793 760 931 856 igneus
949 759 1095 864 orbern

94 865 305 952 Hauserat3
333 861 497 936 arebant
511 861 678 960 herbae,
706 875 746 937 et
763 887 853 938 cavo
867 860 1033 938 flumina
1051 865 1161 942 siccis

93 965 289 1044 Faucibus
304 963 355 1039 ad
367 963 509 1042 limum
526 965 627 1050 radii
648 962 843 1068 tepefacta
862 965 1107 1068 coquebante

128 1135 182 1194 424
198 1138 305 1190 resistit
325 1153 415 1189 omues
433 1146 497 1190 vett.
514 1137 584 1208 apud
600 1135 713 1190 Pleriurn
733 1145 761 1190 et
774 1138 865 1192 Heius.
879 1149 906 1191 et
918 1140 1023 1193 Martin.
1059 1139 1120 1192 Fuit
1132 1151 1221 1194 tamen

91 1207 121 1259 in
140 1205 273 1277 plerisque
294 1207 354 1258 edd.
368 1209 493 1271 recessit,
533 1219 561 1259 nt
583 1218 623 1260 est
645 1207 673 1258 iu
686 1205 767 1259 Gotlr.
790 1227 830 1275 pr.
845 1226 877 1260 ex
889 1209 1060 1292 glossemate,
1083 1211 1221 1280 quodiam

92 1277 360 1398 :ut-tratur
373 1275 1220 1418 {titubetibi⁶allul¹0⁰iitlrtiifnnit

91 1413 351 1536 :ititn'fflttbt
368 1415 450 1536 litt
469 1424 498 1535 ii
518 1415 654 1538 {iiiiii
676 1418 1101 1540 tttelttt‘tnlt‘ttltt
1122 1417 1220 1539 fill

90 1552 248 1616 Thessaliaj
274 1562 302 1603 et
322 1570 369 1604 cur
390 1571 435 1604 eos
456 1553 547 1606 solos?
569 1557 660 1623 ltaque
679 1503 746 1605 doni.
761 1571 853 1626 agros.
888 1555 988 1608 herbas
1003 1573 1035 1608 ex
1055 1497 1220 1612 mmsane

91 1635 187 1675 ornatu
200 1621 306 1692 poetico
319 1622 406 1676 Indos
417 1622 498 1687 dixit,
516 1641 573 1675 cum
587 1623 693 1675 omnino
707 1623 824 1676 homiues
839 1623 881 1676 rel
901 1635 984 1678 terras
1001 1643 1146 1678 memorare
1160 1626 1219 1678 vel-

89 1691 132 1744 let
145 1701 234 1761 poete.
252 1691 388 1760 (ludos,
405 1691 423 1742 i.
439 1709 461 1742 e.
474 1693 566 1773 plagas
578 1691 763 1744 meridionales
776 1693 923 1746 habitantes
935 1695 1065 1765 populos,
1082 1705 1218 1760 memorat,

90 1761 165 1831 qnod
187 1761 238 1814 hos
257 1760 421 1830 potissimum
442 1771 495 1814 unt
515 1762 605 1814 Sirius.
625 1761 697 1830 Wr.)
766 1763 821 1817 42⁶
837 1761 1066 1829 Ardeboeeeelo,
1084 1765 1219 1818 etdistin-

90 1832 222 1902 guebatur
241 1839 303 1881 ante
322 1829 412 1881 Heins.
431 1829 492 1894 sed,
512 1841 541 1883 ut
553 1849 633 1900 saepe
651 1831 765 1895 dictum,
787 1832 864 1884 elteri
881 1833 998 1885 membro
1021 1844 1062 1886 est
1080 1834 1219 1888 vindican-

91 1903 155 1954 dum
174 1900 217 1962 id,
246 1897 318 1969 quod
337 1899 483 1967 pleniorem
510 1901 582 1968 fasit-
600 1901 761 1964 orationem
797 1912 888 1954 contre
908 1903 931 1954 si
951 1901 1057 1970 plenius
1080 1915 1121 1956 est
1145 1905 1218 1975 prius

89 1969 254 2035 membrum,
270 1968 549 2040 alterumdebilitatur
562 1979 699 2042 ettorpet.
723 1970 828 2026 medius
837 1973 889 2024 Sol
899 1969 998 2026 Zulieb.
1055 1971 1108 2029 427
1121 1980 1218 2028 Auxe-

90 2053 139 2093 rat
153 2041 245 2108 fragm.
256 2039 350 2090 Moret.
369 2041 466 2108 (ortum
480 2057 513 2092 ex
524 2053 653 2102 aueerut,
678 2040 717 2090 uti
727 2041 811 2110 primo
826 2039 854 2092 in
868 2040 988 2094 Medioeo
1000 2043 1127 2096 exstabat.
1144 2043 1217 2114 We.)

90 2107 228 2162 ardebam
242 2126 293 2160 sec.
307 2109 432 2160 Rottend.
500 2109 554 2166 428
572 2108 707 2162 Fontibus
720 2109 820 2162 zulich.
834 2127 884 2178 pro
903 2110 954 2164 dir.
967 2109 1038 2177 lect,
1055 2113 1128 2184 quod
1141 2123 1168 2165 et
1179 2115 1216 2166 Io.

88 2178 229 2232 Schrader.
243 2176 312 2256 poni.
345 2179 444 2232 Verum
461 2177 570 2232 alterum
581 2179 694 2234 docum
716 2179 813 2250 (radiis
827 2179 922 2234 Medic.
944 2179 1016 2250 Wr.)

88 2316 339 2478 mugirent-13?
341 2323 571 2480 thpanpffipl,
578 2343 633 2464 nix
674 2320 882 2482 diedleanenffl',
895 2320 965 2466 iiiii
975 2323 1153 2483 Sillozwiub
1159 2323 1217 2468 id-

89 2509 220 2568 aequore
234 2508 385 2567 assurgere
400 2489 494 2550 solita.
516 2493 632 2566 resistit,
673 2489 710 2548 lis
740 2491 901 2550 transitum
927 2492 959 2549 in
982 2493 1110 2550 Leonem
1136 2501 1215 2568 orto,

88 2585 167 2652 sut,
187 2585 225 2636 ut
240 2574 348 2655 Apollo
368 2575 400 2633 in
413 2577 493 2634 nube
505 2575 588 2636 Iliad.
607 2597 631 2646 e,
673 2573 841 2656 Aegyptum
870 2585 901 2634 et
929 2575 1074 2654 reliquam
1099 2578 1216 2636 Africae

91 2663 164 2727 185.
188 2685 221 2738 o,
243 2662 315 2726 308.
367 2660 459 2734 Quod
484 2659 633 2720 Homerus
675 2681 759 2720 oram
777 2681 893 2720 summo
915 2670 946 2719 et
964 2661 1144 2722 intolerabili
1164 2682 1215 2722 ae-

88 2769 119 2808 ν.
136 2745 324 2812 402¹Proteo
342 2745 446 2826 pulcre
468 2747 631 2820 tribuebat,
673 2756 724 2806 stu
744 2747 854 2828 premi,
880 2746 953 2806 satis
973 2756 1096 2807 notum:
1113 2747 1216 2826 itaque

88 2835 217 2917 μελαίνῃ
253 2829 341 2910 φρικὶ
370 2832 561 2912 καλυφθεὶς,
592 2833 630 2892 ad
673 2829 814 2907 ardebas,
840 2831 953 2914 ἔφλεγε,
976 2833 1072 2891 Siricis
1086 2835 1215 2911 rapidus

87 2919 227 2999 Cyrenen
237 2925 352 2976 mutata
365 2920 482 2978 ratione
493 2926 630 2978 transtu·
674 2915 723 2998 (ut
739 2919 835 2993 calor,
859 2925 974 2992 aestus,
997 2918 1041 2977 sol
1048 2963 1057 2994 ,
1078 2919 1214 2997 rapidus,

86 3005 157 3066 lisso
172 3001 305 3078 videtur,
326 3013 363 3062 ut
376 3004 440 3083 ipsa
454 3003 563 3064 nebule
578 3023 630 3064 ca-
672 3005 750 3062 oeler
766 3023 801 3063 ac
821 2999 1016 3086 vehemens),
1050 3012 1081 3063 et
1106 3017 1216 3064 sonem

86 3091 211 3200 ligi'nosa
228 3087 346 3148 obtecta
362 3089 409 3148 sit.
455 3089 629 3170 (Quomodo
672 3092 801 3187 sitientes
828 3089 944 3164 Indos,
981 3087 1011 3150 b.
1041 3087 1213 3170 Aethiopes.

87 3175 339 3320 ii'leluiiri
353 3173 631 3340 :stiffi
672 3173 815 3320 titt
828 3175 1215 3340 {rillzi‘llllut

86 3355 211 3426 exputo.
235 3343 353 3426 th.)
377 3346 521 3424 Spencius
539 3345 631 3426 Poly·
672 3353 792 3426 tempus
828 3346 945 3406 subiicit
978 3347 1073 3406 altero
1108 3365 1215 3409 versus

84 3439 233 3511 mebpag.
245 3433 309 3494 222
322 3449 359 3488 ex
375 3432 498 3510 antiqua
513 3431 632 3510 pictura
673 3431 755 3492 coelo
777 3444 805 3490 es
817 3431 949 3490 medium
967 3431 1022 3489 Sol
1041 3434 1148 3509 igneus
1164 3452 1214 3490 or-

84 3527 208 3600 poetam
220 3515 294 3575 haec
307 3525 480 3576 mutuatum
497 3537 558 3576 esse
579 3537 632 3576 su-
675 3515 743 3576 bem
754 3519 923 3590 Hauserat,
949 3516 1013 3576 scil.
1028 3535 1128 3593 cursu,
1141 3535 1214 3596 per-

85 3602 269 3686 spicabatur.
285 3601 631 3662 Praestabatsaltenrdi.
675 3611 851 3680 egraverat,
892 3619 1028 3660 emensus
1052 3611 1125 3662 erat
1152 3603 1213 3662 Co-

85 3709 176 3751 cere:
210 3707 297 3768 posse
321 3685 402 3746 henr
429 3688 632 3748 narrationem
674 3687 750 3748 lum.
764 3688 804 3762 X,
826 3689 888 3751 313
905 3686 994 3746 Titan
1011 3690 1214 3748 -Hauserit

84 3782 296 3856 argumentum
321 3772 464 3834 idoneum
493 3773 631 3854 picturae
674 3775 847 3852 etflummis
855 3773 987 3832 Lemaei
999 3771 1213 3832 drachmam-

84 3860 288 3942 suppeditare.
671 3861 733 3932 ori;
757 3866 788 3918 et
800 3866 837 3918 ut
853 3876 939 3937 saepe
959 3857 1153 3918 exhaurimus
1165 3859 1213 3918 la-

128 3945 202 4012 425.
225 3942 561 4026 dliiumprosolehd.
577 3963 630 4002 ao-
670 3943 759 4003 bores
788 3951 819 4002 et
846 3942 918 4018 elia,
953 3961 1030 4021 quae
1055 3943 1097 4002 ed
1122 3944 1213 4004 linem

86 4031 145 4112 cipi
164 4029 284 4092 volunt.
325 4030 371 4088 lta
398 4032 492 4090 otiose
514 4029 559 4089 bis
580 4029 629 4088 di·
670 4027 872 4112 perducimus.
907 4025 1024 4108 Apuleii
1037 4028 1123 4104 illud,
1140 4029 1211 4092 Met.

86 4127 184 4178 etum:
207 4115 260 4174 Sol
273 4113 437 4176 ardebatet
450 4115 501 4176 Sol
515 4114 628 4174 caelum
670 4113 915 4194 x1,pag.258:
944 4115 1081 4194 Augusti
1089 4129 1212 4192 portum

84 4204 219 4263 medium
229 4199 361 4259 tenebat.
389 4201 534 4279 Eqmdern
548 4221 628 4259 non·
670 4202 819 4259 celerrime
839 4199 1013 4277 hausimus,
1037 4199 1212 4260 subiiciebat

86 4289 160 4351 dum
172 4289 272 4350 rictus
287 4285 327 4344 do
339 4303 455 4351 manus.
498 4285 628 4346 Mediam
669 4283 804 4360 Ruhnk,
819 4285 871 4346 ubi
889 4305 970 4345 nunc
990 4283 1053 4345 vid.
1070 4285 1210 4347 Oudend.

85 4384 228 4434 aestatem
254 4381 286 4432 et
320 4371 466 4432 aestivum
496 4373 626 4432 calorem
669 4390 700 4450 p.
726 4373 800 4435 809.
844 4371 975 4432 Ornarit
1008 4368 1084 4430 baeu
1115 4369 1210 4447 Maro,

84 4479 139 4542 per
158 4457 271 4520 Sirium
290 4455 438 4534 declaret,
468 4467 505 4522 nt
521 4466 627 4540 poeta3
669 4473 746 4537 quse
772 4455 922 4518 Homerus
955 4456 1129 4539 simplieiter
1152 4473 1210 4538 po-
