2758 4990
141 379 217 454 ott
384 373 425 448 Ρ.
452 369 717 448 VIRGILII
751 369 1042 446 MARONIS

142 557 305 656 Gurgite
319 581 445 660 quum
460 555 599 632 medio
614 569 777 656 portans
793 557 990 654 Oeagrius
1003 555 1174 632 Hebrus

140 661 350 760 Volveret,
370 659 598 756 Eurydicen
611 685 687 734 vox
702 661 784 760 ipsa
801 671 841 734 et
856 657 1001 757 frigida
1021 659 1184 757 lingua,
1212 667 1279 741 525

140 764 204 844 Ah
218 765 407 840 miseram
425 763 667 860 Emydicen!
695 764 825 836 anima
839 759 1024 860 fugiente
1040 765 1234 856 vocabat;

140 867 367 966 Eurydicen
382 879 471 941 toto
484 864 714 942 referebant
723 863 890 942 flumine
909 867 1032 966 ripae

191 976 299 1048 Haec
314 975 501 1048 Proteus:
530 982 570 1045 et
589 993 632 1045 se
649 971 751 1045 iactu
773 967 887 1046 dedit
903 994 1060 1068 aequor
1077 969 1122 1043 in
1140 968 1277 1060 altum;

142 1079 311 1175 Quaque
326 1072 450 1169 dedit,
464 1085 718 1174 spumantem
732 1071 884 1148 undam
898 1072 973 1147 sub
987 1074 1144 1148 vertice
1161 1075 1277 1150 torsit

140 1183 191 1256 At
206 1202 292 1252 non
308 1175 480 1274 Cyrene:
497 1199 672 1277 namque
689 1175 793 1251 ultro
811 1173 941 1250 adfata
956 1175 1277 1257 timentem2530

191 1285 308 1376 Nate,
335 1279 428 1356 licet
446 1280 564 1354 tristis
583 1281 718 1356 animo
736 1278 945 1378 deponere
963 1303 1092 1357 curas.

140 1387 248 1461 Haec
270 1384 402 1463 omnis
426 1383 560 1458 morbi
584 1408 743 1474 caussa3
775 1381 870 1456 hinc
893 1382 1130 1458 miserabile
1158 1387 1277 1480 Nym-

752 1484 828 1560 hae

143 1593 248 1670 Gum
264 1587 409 1694 quibus
426 1587 489 1667 illa
508 1588 654 1665 choros
671 1512 769 1664 lucpis
786 1546 954 1688 agitabat
971 1589 1012 1662 in
1033 1585 1145 1686 altis,

194 1767 279 1844 528.
304 1784 450 1840 etruu.

189 1985 241 2043 524
259 1987 365 2038 medina
383 1985 474 2052 fragm.
495 1985 581 2038 Vntio.
674 1985 725 2040 526
743 1987 789 2037 Ha
809 1983 895 2036 multi.
936 1987 1078 2038 Antissam
1104 2003 1162 2038 sec.
1179 1987 1277 2052 Mag.

140 2059 167 2110 A
189 2059 290 2108 misero
313 2057 421 2106 Roman.
441 2071 456 2104 e
476 2073 508 2104 m.
528 2072 568 2122 pr.
640 2055 691 2109 528
708 2057 780 2106 iacto
799 2053 865 2106 Gud.
889 2072 905 2106 e
926 2073 962 2108 m.
984 2073 1026 2123 pr.
1102 2057 1160 2110 w
1181 2059 1253 2107 vorti

141 2125 201 2178 edd.
223 2125 372 2176 nonnullae.
421 2121 495 2196 Ι630
520 2137 562 2174 eat
581 2135 642 2194 port
662 2125 736 2176 ultro
759 2125 852 2192 fragm.
867 2124 955 2176 vatic.
980 2134 1007 2175 et
1024 2125 1157 2176 Perrhae.
1175 2126 1210 2178 eb
1232 2124 1277 2176 ὥ

139 2211 224 2247 mann.
251 2193 413 2264 (paventem
431 2191 489 2244 Alb.
510 2193 583 2262 Wr.)
655 2194 704 2250 531
729 2211 888 2264 componere
907 2211 992 2244 eurus
1010 2193 1116 2246 l'dedic.
1140 2213 1158 2246 ι
1178 2213 1214 2245 m.
1233 2211 1277 2263 pn,

140 2267 244 2316 utAen.
256 2263 304 2328 tv,
320 2261 381 2318 840·
396 2259 457 2327 ³41,
472 2258 605 2332 frequenti
619 2261 771 2314 variatione.
787 2262 840 2314 vid.
861 2264 1001 2314 Burmann.
1038 2265 1188 2336 depellere
1202 2280 1278 2314 eurus

140 2351 205 2385 nnus
218 2333 305 2386 Mead.
373 2332 425 2386 633
442 2331 521 2384 silvis
539 2349 589 2400 pro
602 2333 673 2384 Iucia
690 2333 781 2400 fragm.
795 2333 892 2384 Moret.
927 2329 1054 2384 discetur
1068 2337 1101 2385 ιἰι
1116 2334 1190 2386 aleis
1205 2336 1277 2387 ton

140 2421 190 2474 pro
207 2400 336 2466 durabut3
355 2411 417 2466 eut,
436 2411 465 2454 ut
479 2403 516 2454 10.
532 2401 678 2468 echmder,
696 2400 895 2470 prominebat.

141 2579 248 2642 Gerda.
289 2575 429 2640 Lucretio
449 2576 548 2636 deberi
561 2576 683 2636 videtur
724 2576 928 2656 vulgarium,
958 2577 1082 2636 vortice
1094 2579 1193 2638 velin
1207 2599 1276 2639 ror-

141 2676 173 2725 et
192 2665 266 2740 hoo;
289 2673 342 2725 eut
361 2665 440 2722 sorte
455 2683 489 2722 eo
504 2662 684 2740 antiquiori·
724 2663 831 2739 tieem,
852 2663 895 2720 itu
909 2670 946 2722 ut
963 2673 1082 2722 vortex
1092 2665 1194 2724 fieret.
1221 2665 1276 2724 Nec

140 2753 215 2828 bus;
236 2772 306 2810 narn
320 2749 560 2809 iarnNneviusin
573 2748 683 2828 Cypria
723 2749 801 2808 ratio
820 2747 920 2823 deest,
944 2751 1165 2830 eutanalogia.
1209 2753 1275 2816 530.

140 2832 235 2896 lliade
250 2835 384 2896 dixerat:
413 2835 530 2894 Callima
549 2855 682 2894 marow-
724 2835 768 2892 At
789 2855 849 2891 non
873 2835 983 2912 Cyrene
1007 2835 1111 2894 filium
1138 2837 1274 2914 reliquit,

140 2945 224 2982 reum
242 2935 358 3002 torques
380 2933 537 2998 gemnaata
559 2932 678 2980 coercet.
724 2919 838 2978 consilii
854 2919 985 2998 inopem.
1020 2917 1107 3001 (vid.
1130 2923 1168 2981 V.
1186 2923 1218 2980 L.
1238 2921 1275 2978 ad

141 3006 296 3089 (alterum
330 3005 540 3066 hemistichion
569 3027 637 3082 cap.
661 3025 683 3064 a
724 3003 797 3063 Aen.
816 3003 865 3080 IV,
884 3007 957 3069 528.
976 3008 1031 3065 W
1025 3005 1069 3088 r.)
1100 3009 1274 3087 limpidum

140 3113 216 3153 cerv.
247 3115 306 3152 rev.
327 3093 494 3168 subiectum
517 3091 630 3165 Ennio,
652 3111 682 3169 p.
723 3088 886 3154 vemet.
900 3109 1032 3168 namque
1046 3093 1148 3153 ducto
1164 3095 1198 3152 in
1211 3113 1272 3172 spe-

142 3183 213 3242 138.
226 3177 273 3237 ed.
282 3177 393 3237 Hessel.
409 3175 497 3258 Wr.)
526 3175 598 3242 524.
613 3179 683 3234 He·
725 3195 777 3234 cus
794 3186 826 3235 et
837 3176 983 3236 collocato
1004 3177 1038 3235 iu
1058 3179 1191 3238 latebris
1204 3179 1270 3250 utto,

139 3263 208 3322 bnis
226 3265 384 3343 Oeagrius,
399 3263 436 3320 ab
449 3263 574 3341 Oeagro,
583 3261 682 3320 Thra—
724 3266 795 3340 ipsa
808 3261 920 3338 procul
936 3260 1054 3320 nebulis
1079 3265 1213 3324 obscum
1231 3287 1271 3323 re-

140 3349 300 3429 ciaerege,
323 3347 436 3429 Orphei
447 3357 542 3428 petre.
585 3349 683 3426 Caput
724 3349 801 3406 sistit
821 3347 854 3406 iu
876 3346 940 3425 ipso
964 3349 1103 3427 scopulo.
1159 3352 1272 3410 Scilicet

139 3435 255 3516 Orphei
277 3437 310 3496 in
325 3453 407 3494 mare
426 3443 455 3492 et
473 3431 544 3494 hinc
560 3435 593 3494 in
607 3435 680 3491 Les-
721 3433 1070 3492 Proteusiuternecionis
1083 3457 1271 3515 spumeum

138 3521 213 3581 bum
234 3521 368 3583 delatum
388 3520 487 3597 ibique
515 3521 680 3600 sepultum
721 3518 752 3576 lu'
770 3537 912 3578 eamcam
932 3539 962 3578 v.
978 3523 1052 3594 397,
1075 3531 1206 3584 tanturn
1223 3543 1271 3581 ex·

138 3607 249 3687 Hygin.
264 3607 346 3666 Poet.
363 3605 484 3666 Arnon.
498 3605 536 3680 11,
553 3611 582 3680 7,
596 3605 679 3664 unde
720 3613 878 3684 posuerat,
900 3624 964 3662 non
973 3624 1049 3664 vero
1060 3607 1210 3668 fortunae
1227 3627 1270 3668 re·

138 3691 181 3754 ibt
216 3693 315 3754 suavis
346 3691 538 3751 lusciniarum
573 3700 679 3750 centua
720 3690 862 3750 medium.
883 3689 951 3750 Hoc
960 3694 1269 3754 matersubiicitnd-

138 3780 277 3861 proditus
298 3777 379 3851 apud
400 3775 499 3856 Antig.
518 3777 634 3857 Caryst.
649 3777 679 3842 5.
721 3776 911 3856 licetculpee
927 3777 1157 3856 expiationem,
1181 3781 1267 3860 Nym-

140 3866 234 3940 Quod
246 3867 284 3926 de
292 3863 529 3944 Orpheituruulo
537 3865 569 3924 in
580 3861 679 3922 Thre—
721 3861 853 3942 pharum
874 3863 1095 3942 placationem,
1125 3866 1269 3926 uuanda

139 3953 186 4010 cia
205 3952 358 4014 tradidere
377 3949 428 4008 elii
452 3949 534 4030 apud
553 3950 678 4010 Peueen.
723 3959 806 4008 certo
826 3947 890 4008 ritu
908 3949 1064 4026 faciendo,
1094 3961 1128 4012 et
1152 3953 1269 4012 inferio

138 4035 192 4112 IX,
206 4040 258 4100 80.
269 4058 298 4116 p.
313 4040 385 4101 769.
723 4033 847 4116 Orpheo
865 4043 895 4092 et
919 4033 1096 4116 Eurydicne
1116 4039 1268 4109 serendas3

182 4121 254 4186 629.
276 4121 330 4178 sub
343 4123 467 4194 vertice,
491 4139 553 4178 non
565 4119 679 4199 capitis,
722 4141 783 4198 quo
795 4121 874 4180 sacto
887 4139 925 4179 ex
934 4120 1133 4182 uictimarum
1148 4123 1266 4184 virwi-

139 4205 207 4280 aed,
218 4212 253 4262 ut
266 4205 358 4283 vulgo
373 4225 456 4266 nuno
469 4207 679 4286 pronuntiant,
722 4207 779 4266 bus
792 4227 882 4266 nova
899 4207 1039 4268 mutua
1052 4213 1213 4270 exoritur·
1224 4231 1267 4268 ea-

138 4288 267 4362 vortice,
290 4307 379 4366 quem
395 4299 479 4352 mota
490 4290 552 4350 eius
564 4290 680 4352 inndtu
722 4301 798 4352 sent.
842 4291 1013 4352 Fatendum
1027 4303 1091 4366 est,
1122 4315 1172 4371 ea,
1195 4315 1267 4373 quse

138 4391 217 4448 aqua
239 4372 351 4431 ciebat:
380 4377 467 4454 δίνη,
496 4386 636 4438 contorte
647 4379 680 4436 in
723 4400 741 4437 e
762 4387 1047 4453 mntremouentur,
1067 4377 1156 4440 baud
1169 4381 1265 4460 pnullo

137 4471 169 4511 ee
184 4472 268 4531 equa.
290 4461 373 4515 rorat
386 4459 441 4516 auh
455 4462 573 4540 vertr‘ee,
597 4463 680 4542 quod
722 4465 862 4544 graviore
872 4483 934 4525 esse
950 4465 1051 4526 Protei
1063 4467 1202 4528 monitis.
