2758 4990
276 318 637 397 GEORGICON
657 321 762 398 LIB.
784 323 857 417 IV,
874 325 1091 410 ses-541
1172 330 1249 407 686

115 505 290 583 Exitium
304 507 451 582 misere
472 505 620 607 apibus.
664 511 729 583 Tu
746 531 914 583 munera
929 508 1095 612 supplex

117 607 286 705 Tende‚
325 622 468 710 petens
502 634 665 710 pacem,
708 622 748 685 et
779 608 913 687 faciles
944 637 1137 692 venerare
1169 623 1248 696 Na-

703 737 829 814 paeas,
1167 723 1247 800 535

115 821 301 916 Namque
317 811 470 890 dabunt
481 816 640 890 veniam
654 817 773 912 votis,
800 818 956 920 irasque
971 822 1187 900 remittent.

117 917 220 1016 Sed,
245 913 393 994 modus
409 918 549 993 orandi
567 920 634 1020 qui
650 919 717 1014 sit,
744 921 853 1020 prius
873 920 1016 997 ordine
1035 921 1174 1005 dicam.

117 1025 301 1116 Quatuor
323 1022 486 1096 eximios
503 1024 715 1122 praestanti
735 1047 906 1126 corpore
921 1036 1073 1123 tauros,

117 1125 197 1220 Qui
215 1121 289 1199 tibi
300 1147 408 1199 nnnc
425 1123 559 1200 viridis
578 1124 795 1226 depascunt
808 1151 963 1202 summa
978 1131 1134 1228 Lycaei,
1207 1155 1210 1164 ’

113 1227 276 1326 Delige,
304 1240 343 1303 et
357 1228 498 1304 intacta
515 1227 686 1306 totidem
701 1230 853 1306 cervice
869 1231 1063 1312 iuvencas.
1167 1235 1244 1314 540

115 1334 300 1426 Quatuor
315 1329 378 1406 his
394 1356 476 1407 aras
495 1329 571 1408 alta
589 1331 639 1407 ad
658 1331 826 1410 delubra
845 1332 1011 1411 deamm

169 1471 255 1546 540.
280 1473 433 1544 Demea
448 1492 499 1544 er

152 1690 205 1747 534
225 1695 293 1744 Tum
307 1692 404 1746 Medio.
423 1711 485 1746 am.
505 1711 557 1746 sec.
626 1693 678 1750 635
695 1695 791 1748 Pande
805 1695 930 1750 Rotteud.
948 1715 989 1766 pr.
1023 1697 1168 1751 Bmmsnno
1179 1708 1244 1749 tsn-

115 1762 184 1813 dere
197 1779 312 1814 munero
326 1763 459 1815 insolitum
471 1762 623 1827 videbatur3
640 1763 729 1832 itaque
743 1781 774 1816 co
794 1765 891 1818 itabat:
915 1783 1027 1818 munere
1039 1767 1154 1840 supplex
1170 1770 1244 1818 Ten-

113 1832 166 1896 de,
184 1831 237 1883 abi.
271 1833 345 1883 Nate
354 1846 454 1903 petens
467 1833 576 1896 zalich„
600 1783 921 1902 undeliurm.iegendnm
935 1837 1057 1906 putabatt
1083 1849 1114 1888 tn
1133 1853 1245 1888 munere

113 1901 245 1974 supplex,
262 1901 352 1965 Nate,
368 1914 579 2024 pomposam,
591 1901 695 1973 faciles
708 1921 840 1954 venerare
853 1905 993 1977 Napaeos.
1018 1905 1116 1958 Redde
1127 1903 1242 1959 Withof.

115 1970 220 2022 emend.
234 1970 286 2021 vid.
304 1972 367 2022 Not.
437 1971 471 2024 53
507 1973 629 2042 irampds
643 1973 735 2024 Franc.
756 1971 838 2024 Goth.
851 1992 892 2042 pr.
926 1976 1008 2025 Forte
1021 1983 1139 2043 praestat
1157 1974 1243 2026 inter*

136 2056 246 2106 ungere:
273 2039 398 2110 Namque
417 2038 523 2094 dabunt
546 2044 665 2104 veniam,
688 2043 761 2093 sotis
778 2044 890 2111 s'rasqtss
911 2045 1057 2096 remittent.
1093 2043 1241 2112 (atridv.

113 2059 148 2159 i».
160 2111 209 2160 Ge.
223 2111 241 2170 l,
261 2108 320 2162 tte
342 2109 415 2176 Wr.)
487 2109 539 2164 537
557 2113 676 2180 quierit,
691 2119 720 2161 ut
732 2110 809 2180 vulgo
823 2109 897 2184 loqui
908 2112 1031 2177 solemus,
1050 2123 1132 2182 quart.
1147 2116 1242 2164 Mores.

113 2179 321 2246 fragm.Moret.,
337 2180 545 2247 uterqueGoth.,
563 2198 628 2231 unus
641 2180 726 2230 Head.
736 2190 763 2231 et
778 2181 838 2232 edd.
852 2189 917 2233 vett.
926 2181 980 2235 vid.
993 2181 1027 2234 ad
1042 2187 1106 2236 Aen.
1123 2183 1167 2246 tv,
1180 2182 1241 2237 294.

114 2247 179 2367 qvid.
196 2250 228 2310 Q.
243 2249 276 2298 V.
291 2249 380 2299 xxn.
402 2249 473 2315 Wr.)
551 2251 602 2302 538
617 2251 712 2302 exindo
730 2254 903 2319 praestantis
916 2252 992 2302 Rom.
1018 2251 1056 2320 (et
1069 2269 1134 2303 unus
1150 2270 1165 2302 e
1183 2254 1242 2304 Gu-

137 2317 201 2368 iauis
215 2317 285 2384 apud
300 2317 369 2368 Cort.
387 2317 420 2368 sd
432 2317 529 2368 Lucan.
541 2319 600 2381 vn,
617 2321 692 2378 770.;
712 2319 783 2384 qnod
797 2319 893 2385 probat
906 2319 1023 2382 contu„
1043 2329 1069 2372 et
1081 2320 1243 2384 dubitabam,

1 2377 3 2382 ’
114 2404 150 2438 sn
169 2403 327 2438 revocarem.
356 2387 429 2451 Wr.)
505 2387 557 2438 540
573 2388 665 2456 Dilige
682 2385 850 2454 Langobard.
872 2387 913 2438 ed.
932 2387 1041 2440 Mediol.
1065 2387 1153 2456 (qnod
1167 2407 1242 2440 com-

113 2456 223 2506 mendat
247 2455 421 2523 nequidquam
440 2455 509 2506 Gort.
531 2455 566 2505 ad
582 2456 679 2506 Lucan.
700 2455 743 2518 lll,
762 2456 820 2508 181.
848 2456 920 2522 Wr.)
962 2459 1084 2509 intactae
1101 2457 1176 2508 Rom.
1199 2459 1241 2510 ed.

114 2526 183 2577 Vsu.
198 2523 332 2576 Gudianus
348 2543 409 2577 am.
423 2541 474 2591 pn,
492 2523 539 2576 sed
551 2523 605 2575 vid.
618 2526 703 2578 Burm.

159 2699 232 2767 534.
255 2722 379 2760 munera
398 2701 526 2780 supplex
550 2697 657 2772 Tende,
699 2705 782 2758 nola.
795 2692 858 2758 vid.
877 2697 983 2758 Certa.
1026 2699 1156 2764 659.1n
1173 2703 1242 2780 Ly-

112 2785 281 2868 protende,
303 2779 458 2866 πρότεινε,
489 2785 656 2845 offender.
699 2805 798 2858 caeo,
837 2783 983 2844 Arcadiae
1015 2793 1089 2844 noto
1122 2796 1241 2863 monte,

114 2873 153 2948 Π,
169 2872 232 2936 674
248 2891 439 2952 passumque
451 2875 539 2950 patri
555 2871 657 2929 tende-
699 2867 851 2946 quomodo
878 2870 1045 2947 Aristaeus,
1074 2869 1242 2932 Thessaliae

112 2958 168 3017 bat
183 2959 295 3016 Italum.
315 2967 395 3018 certe
403 2959 521 3018 ratione
534 2977 597 3016 non
605 2975 657 3014 ca·
699 2973 785 3033 agros
814 2955 935 3032 colem,
967 2965 1105 3016 armenta
1130 2955 1242 3018 habere

112 3051 212 3119 reret,
235 3043 349 3102 etiamsi
364 3043 501 3123 exempla
513 3043 657 3102 deessent.
697 3039 816 3119 possit,
857 3040 924 3102 iure
958 3041 1087 3102 miretur
1126 3043 1241 3124 aliquis.

115 3127 226 3209 (Ritus
252 3127 337 3188 haud
373 3130 464 3190 dubie
497 3129 657 3209 respicitur
699 3125 854 3186 Hactenus
879 3126 925 3186 sui
946 3127 1058 3187 oblitus
1073 3137 1118 3186 est
1135 3139 1242 3209 poeta3

114 3213 199 3295 apud
229 3215 395 3274 Homerum
424 3213 531 3276 obvius
560 3215 660 3293 fruges
700 3211 757 3270 etsi
780 3211 859 3278 enim
880 3232 971 3294 supra
989 3233 1057 3272 eum
1077 3211 1241 3276 Arcadium
1266 3245 1270 3250 ·

113 3299 230 3378 aliaque
245 3321 328 3360 sacra
343 3301 423 3360 inter
435 3320 537 3382 preces
547 3300 659 3360 tollen·
699 3295 822 3356 heroem
840 3297 992 3375 ediderat,
1020 3319 1051 3359 v.
1075 3301 1138 3366 283
1148 3346 1156 3376 ,
1177 3321 1241 3360 non

114 3386 158 3446 di.
179 3385 271 3466 Apud
286 3387 464 3466 Sophoclem
472 3383 658 3448 Electrbdl.
699 3391 802 3442 tamen
824 3403 907 3444 nuuc
927 3403 965 3444 ex
990 3381 1119 3444 Arcadia
1141 3405 1241 3446 arcet

113 3472 353 3551 Clytaemnestra
365 3473 591 3553 preceslactura
603 3469 658 3528 int-
700 3467 809 3528 undae
827 3478 915 3528 erant
932 3470 1074 3530 victimae
1091 3471 1124 3530 in
1143 3469 1240 3531 Thes-

113 3567 333 3638 peratservse:
358 3559 484 3634 ‚lanatos
497 3553 585 3633 driusi
596 3551 660 3618 66·
700 3553 812 3614 saliam.
861 3553 933 3620 540.
961 3558 1071 3614 serane
1104 3559 1237 3633 taceam,

114 3637 208 3726 μεθ’,
230 3635 406 3722 vindonici
421 3646 503 3723 pos.“
525 3643 570 3701 lta
585 3661 660 3721 pro-
700 3639 779 3718 iugo,
800 3647 835 3699 ut
846 3640 943 3700 toties.
965 3641 1007 3698 Da
1019 3641 1137 3701 numeri
1152 3661 1241 3702 caus

112 3729 182 3812 pn‘e
210 3729 344 3808 positum
374 3729 491 3803 lende,
522 3745 660 3808 praeser—
701 3726 896 3804 sisquaerere
910 3747 972 3786 non
985 3727 1072 3802 licet3
1099 3747 1161 3787 non
1174 3748 1241 3786 ma-

113 3815 172 3875 tim
188 3833 257 3873 cum
270 3813 428 3894 participio
436 3825 541 3892 peteras
550 3833 660 3892 pacem
700 3811 744 3892 gis
762 3813 840 3870 forts
867 3831 957 3890 quarn
978 3813 1040 3872 Ecl.
1062 3812 1099 3888 V,
1120 3815 1177 3891 655
1203 3823 1241 3872 ut

113 3899 303 3979 copulatum.
326 3897 438 3981 Wcls.)
461 3920 586 3957 munera
603 3919 660 3958 au·
700 3905 805 3976 poeta,
827 3906 943 3956 certum
959 3917 1117 3960 numerum
1130 3900 1240 3979 posuit.

113 3997 198 4062 tem,
226 3994 264 4044 ut
290 3983 443 4060 honores,
480 4003 661 4063 quocunque
702 3982 744 4041 At
755 3983 789 4042 in
803 3985 968 4044 novenario
981 4003 1108 4044 numero
1122 4005 1240 4046 noven-

114 4072 188 4132 deos
217 4071 370 4150 placemus
393 4079 447 4128 aut
470 4089 661 4130 veneramur.
703 4068 780 4126 diale
811 4089 929 4128 sacrum
965 4070 1096 4149 cogitare
1129 4071 1239 4151 potuit.

110 4170 216 4238 petens
242 4176 372 4234 pacem,
405 4153 436 4214 h.
456 4165 493 4215 ut
513 4157 661 4236 propitiae
702 4154 780 4213 conl.
794 4153 834 4212 ad
849 4153 923 4216 Aen.
933 4155 968 4231 V,
977 4160 1051 4220 762.
1079 4155 1240 4222 altasa-

114 4243 183 4302 sint.
202 4241 339 4322 faciles,
371 4239 538 4320 placabiles.
587 4243 660 4308 556.
701 4257 777 4316 rum,
788 4239 997 4321 Nympharum
1006 4261 1035 4302 v.
1045 4241 1117 4307 652.
1133 4241 1240 4302 Omnia

114 4333 210 4404 νοίίε,
235 4327 375 4408 precibus
388 4327 484 4388 factis.
506 4329 578 4392 538.
593 4331 660 4387 exi·
701 4325 734 4384 in
754 4323 814 4386 hoc
833 4345 926 4386 versu
943 4327 1065 4408 proprie
1087 4326 1176 4387 dicta.
1197 4326 1243 4384 od

115 4417 192 4473 miss
210 4413 367 4494 poprium
388 4411 426 4472 de
445 4413 591 4492 victimis3
611 4432 661 4476 res
700 4409 824 4472 &lubra
847 4419 1023 4474 statuuntur
1049 4431 1141 4488 arae,
1170 4419 1241 4472 ente
