2730 5016
174 349 540 434 ouonereou
564 300 986 450 unucees-ssmo
1064 365 1141 450 see

33 537 266 614 Puniceaeve
281 536 426 635 agitant
440 535 607 639 pavidos
623 537 841 620 formidine
854 545 1016 644 pinnae:

32 640 103 716 Sed
126 639 269 718 frustra
287 642 518 741 oppositum
540 643 747 724 trudentes
770 659 934 750 pectore
955 663 1140 730 montem

32 745 255 822 Comminus
273 743 512 832 obtruncant
528 743 656 848 ferro,
681 750 930 850 graviterque
948 746 1140 835 rudentes

32 847 218 946 Caedunt,
247 860 288 924 et
302 871 450 946 magno
469 848 559 926 laeti
579 850 752 936 clamore
769 867 984 954 reportant
1063 865 1140 944 675

32 951 96 1049 ipsi
113 951 154 1026 in
176 949 345 1028 defossis
362 952 558 1054 specubus
574 979 710 1032 secura
728 955 801 1032 sub
818 955 892 1034 alte

31 1054 107 1129 Otia
127 1067 248 1154 agunt
264 1068 387 1152 terra,
415 1071 679 1159 congestaque
697 1059 844 1136 robora
861 1073 1043 1163 totasque

31 1155 241 1236 idvolvere
256 1156 356 1234 focis
374 1158 528 1257 ulmos,
555 1161 717 1264 ignique
736 1162 896 1241 dedere.

31 1262 87 1336 ilic
104 1275 269 1340 noctem
284 1261 382 1340 ludo
402 1263 571 1358 ducunt,
599 1279 639 1341 et
657 1265 798 1366 pocula
813 1265 904 1342 laeti

30 1367 231 1442 Fermento
251 1380 370 1468 atque
391 1365 510 1443 acidis
527 1368 730 1448 imitantur
744 1371 846 1446 vitea
862 1368 999 1448 sorbis.
1063 1376 1139 1451 880

49 1573 101 1628 372
118 1575 298 1644 Baeticaeque
310 1591 375 1630 uuae
388 1575 475 1628 Mead.
500 1578 612 1648 agitant
621 1577 742 1648 pecudes
755 1575 859 1648 Regius.
879 1579 984 1650 pinnae
994 1595 1009 1629 a
1020 1577 1140 1632 meliori-

30 1659 62 1694 ιιι
84 1645 179 1696 ticine.
218 1663 329 1716 pennae
345 1643 474 1714 vulgares.
560 1647 614 1700 37³
630 1651 667 1698 Et
682 1645 799 1718 frastra
820 1649 960 1701 Romanoa.
1001 1651 1141 1720 oppositos

29 1712 94 1764 ioth.
114 1731 175 1783 pm,
197 1723 274 1783 putea
294 1713 376 1766 iniere
392 1715 524 1835 opposito.
561 1727 678 1787 pectora
698 1715 765 1768 (ind.
839 1718 893 1772 876
910 1718 945 1768 de
959 1735 1023 1769 essa
1044 1719 1139 1771 Venet.

29 1783 157 1852 peciebua
170 1784 247 1836 Rom.
282 1781 406 1854 epaeibua
445 1783 532 1839 udiau.
567 1783 707 1838 scrobibus
723 1783 833 1842 Vratiai.
902 1787 921 1840 3
972 1786 1070 1856 quein
1088 1789 1140 1840 iine

29 1869 100 1904 ‘ersus
116 1853 196 1904 abeat
208 1869 224 1904 a
236 1851 338 1914 mohin
355 1853 438 1904 minae
455 1853 531 1905 bene.
564 1853 670 1922 (Medic.
684 1867 824 1924 totaeque,
853 1854 945 1907 ultima
956 1865 1043 1908 temen
1056 1857 1141 1926 sylle-

29 1939 47 1970 ιι
66 1924 150 1974 rubro
171 1933 270 1990 puncto
292 1932 391 1974 notata.
419 1923 490 1990 We.)
533 1926 601 1975 tocie
616 1923 692 1974 Leid.
713 1941 729 1977 a
748 1942 783 1974 ιιι.
803 1942 857 1976 aec.
926 1925 979 1980 ³78
1002 1927 1141 1997 almosque

29 1991 78 2042 teu.
151 1993 204 2048 879
221 1993 295 2042 Hinc
314 1993 392 2043 Voaa.
412 2009 453 2062 pr.
482 2001 510 2043 et
529 1993 621 2046 Freue.
663 1993 854 2046 ludanensem
874 1993 998 2046 liutteud.
1024 1994 1069 2046 ait.
1103 2000 1141 2064 tet

28 2061 193 2113 ernssreed.
212 2060 283 2126 Wr.)
308 2061 397 2132 apelia
411 2061 491 2113 Goth.
507 2079 547 2130 pr.
599 2063 654 2116 380
668 2065 807 2116 rt'rmem
821 2061 916 2115 Medic.
935 2062 1050 2131 (dubitat
1064 2065 1139 2136 rog-

28 2127 71 2190 im,
83 2129 225 2202 firment,
243 2147 276 2181 au
289 2131 406 2197 firment
426 2141 558 2184 exaratum
581 2131 675 2196 fuerin
701 2131 786 2183 finalia
807 2150 916 2202 usupra
935 2132 1046 2186 odiente.
1068 2133 1139 2201 Wr.)

28 2199 150 2254 'ramento
168 2217 220 2269 qna
232 2197 403 2260 Freaeienuar
420 2199 545 2252 notabilis
559 2199 657 2265 lectio,
680 2218 697 2251 u
728 2211 773 2252 ote
787 2201 821 2254 de
833 2200 960 2253 cerevisia
979 2220 995 2253 e
1007 2204 1139 2256 frumento

28 2278 93 2322 octe.
132 2267 219 2320 Tacit.
236 2271 323 2320 Germ.
336 2269 372 2324 23
390 2269 475 2321 Potui
486 2269 631 2324 humores
648 2271 699 2322 laer
737 2283 813 2322 aaut
840 2283 981 2336 ramento,
1003 2273 1033 2324 in
1049 2291 1140 2342 qnan-

28 2335 71 2387 hm
91 2337 304 2390 similitudinem
321 2339 382 2390 vini
395 2351 550 2412 corruptae.
581 2339 614 2391 ai.
633 2339 754 2408 Geopou.
775 2339 811 2392 Vi
832 2377 840 2404 ‚
864 2339 908 2394 34.
932 2339 1141 2412 fermentoque

27 2405 77 2458 tud.

27 2585 99 2644 ore,
130 2559 240 2644 quibua
262 2581 363 2644 greges
383 2573 472 2625 extre
493 2574 556 2624 ata-
596 2565 671 2624 lium
684 2563 863 2624 adumbrata
882 2563 987 2642 exiis,
1015 2583 1092 2644 quae
1102 2563 1140 2623 de

27 2651 116 2710 ulum
142 2653 175 2710 iu
197 2669 268 2728 agro
290 2649 385 2709 habiti
405 2655 556 2730 repentino
598 2649 765 2710 Threcibus
790 2659 821 2710 et
847 2649 991 2710 Sarmatis
1024 2651 1140 2710 narrari

27 2735 74 2798 ein
100 2735 236 2816 oppressi
257 2735 404 2795 laborent.
455 2737 557 2816 Neque
598 2735 743 2808 solebant,
764 2733 1051 2814 partimquoquede
1066 2736 1141 2794 Ger·

27 2826 156 2884 rcervis
170 2821 372 2898 haerendum
394 2823 505 2902 posuit,
522 2830 559 2882 ut
597 2821 702 2882 menis.
726 2817 838 2901 (Tacit.
859 2820 959 2883 Gerus.
981 2838 1006 2879 c.
1023 2823 1072 2884 16.
1086 2820 1140 2880 ubi

27 2917 116 2985 oete,
147 2929 203 2988 pro
228 2908 301 2970 tem
322 2907 557 2987 quibuscunque.
597 2906 660 2966 vid.
669 2907 751 2966 Brut.
774 2908 850 2984 Ipsi,
864 2903 927 2966 vid.
938 2903 976 2980 Q.
989 2904 1025 2964 V.
1033 2905 1139 2982 xvffl,

27 2999 79 3060 70.
111 2995 192 3058 mole
214 3013 316 3069 nova,
349 2994 505 3071 insolenti,
524 3015 555 3054 ιι.
598 2989 868 3077 2,b.etd.Wr.)
890 2991 1141 3069 deseosoespecne

27 3079 97 3140 ivia.
131 3076 219 3160 (nive
248 3101 348 3143 recem
372 3079 483 3157 lapsa,
513 3080 557 3140 aie
598 3077 757 3159 professis
781 3077 873 3148 dixit:
900 3077 981 3138 utin
999 3076 1139 3144 eutero

27 3174 232 3246 iterpretatur
248 3163 329 3230 idem
346 3165 382 3234 V,
400 3165 452 3241 D.,
466 3185 555 3244 quem
598 3163 733 3242 deseram
744 3163 847 3222 domne
859 3181 915 3242 pro
929 3163 1139 3224 subterraneis.

27 3251 44 3308 d
60 3273 111 3312 va.
127 3251 202 3316 567.
215 3250 345 3316 laudavi.
370 3249 459 3334 Wr.)
483 3255 555 3320 872,
597 3248 735 3328 desedere
755 3257 800 3308 eet
822 3249 943 3329 proprie
955 3249 1013 3311 alte
1026 3249 1139 3325 federe,

27 3337 206 3399 >midioen
217 3334 270 3398 hie
289 3336 457 3399 funiurluu
470 3337 555 3401 illum
596 3355 671 3397 mox
684 3343 714 3394 et
722 3334 865 3398 fodiendo
879 3333 991 3413 eliquid
1002 3334 1139 3396 condere.

27 3432 194 3486 enatorum
214 3421 325 3508 plumis
343 3421 495 3482 intextum
510 3441 558 3482 ea·
600 3422 673 3484 878.
694 3421 907 3495 οιΙνοΙνοιιιιιι,
931 3439 1005 3499 pro,
1031 3419 1139 3480 adrol-

27 3531 52 3585 ι,
88 3525 154 3587 quo
179 3507 263 3572 cervi
290 3507 391 3571 territi
421 3507 454 3570 in
480 3510 556 3571 retis
600 3514 694 3580 runt,
723 3501 878 3588 ἀορίστως.
926 3509 998 3570 879.
1025 3518 1140 3568 noctem

27 3603 163 3672 guntur,
188 3591 312 3656 obvium
332 3601 385 3652 eat.
401 3591 475 3662 Aen.
490 3591 557 3668 xil,
599 3591 730 3670 appellat
743 3599 846 3652 noctes
859 3589 961 3668 longae
975 3589 1088 3654 hiemis.
1101 3591 1138 3652 et.

27 3681 70 3746 50
112 3679 239 3744 Cervam
264 3683 414 3758 puniceae
442 3691 558 3756 acptum
599 3696 657 3738 vae.
671 3677 827 3744 367.358.
871 3677 943 3740 380.
959 3677 1074 3753 pocula
1090 3679 1139 3736 vi«-

27 3765 174 3826 rnm'dine
189 3785 319 3842 perenne.
361 3763 558 3844 ApudSene-
598 3773 663 3838 tea,
685 3763 800 3837 viuum,
821 3763 978 3820 initiantur
979 3760 1138 3840 femaento,

27 3873 73 3914 tm
102 3859 151 3912 est
176 3849 298 3932 Hippoi.
326 3848 368 3916 46
391 3851 479 3928 pieta
501 3873 555 3910 ru·
598 3841 687 3932 ζύμῃ,
708 3847 824 3910 hordeo
838 3865 891 3906 sau
906 3845 1060 3911 frumento
1077 3847 1139 3906 ser·

27 3941 91 3998 inti
114 3938 198 3998 zoua
217 3957 323 4016 pernae
349 3957 430 3999 vano
451 3936 556 4000 cludat
597 3943 755 4007 menteto,
789 3931 821 3992 h.
846 3931 1008 4006 cerevisia,
1049 3943 1139 4012 utque

27 4045 117 4083 mre
121 4023 223 4102 serua.
258 4023 342 4086 Dixit
351 4041 470 4102 quoque
483 4041 555 4085 aua·
597 4019 696 4080 cordis.
724 4019 791 4080 Hoc
803 4015 923 4096 quidem
935 4015 1039 4079 vinum
1054 4017 1138 4078 nullo

31 4121 92 4170 ter
107 4110 186 4170 nivis
200 4109 291 4170 alteru
305 4107 413 4175 molem
427 4121 556 4172 urentem
596 4103 739 4166 Romania
747 4123 806 4164 aau
816 4105 1054 4181 frequentatum
1068 4123 1139 4167 nam

27 4197 205 4273 aperirem,
234 4213 324 4272 quem
338 4203 448 4272 urgent
465 4213 560 4274 pecu-
602 4191 664 4250 eiua
682 4210 721 4254 ue
744 4189 927 4250 mentionem
948 4187 1069 4266 quidem
1090 4190 1139 4250 ia-

27 4301 55 4338 ee
82 4289 226 4360 pectore,
257 4289 294 4344 ut
315 4297 354 4338 ex
376 4279 446 4342 nive
460 4299 559 4338 emer-
602 4276 687 4337 ciunt
702 4277 738 4336 n.
752 4275 790 4336 It.
805 4273 921 4352 antiqui
934 4283 1086 4349 suctores,
1108 4283 1140 4336 et

27 4375 82 4426 int
99 4376 155 4428 aut
167 4375 205 4426 ut
220 4364 371 4426 incedant.
601 4361 714 4424 Pellad.
734 4359 771 4437 11,
792 4359 842 4434 15,
857 4357 878 4421 4
906 4361 984 4420 Item
998 4381 1035 4420 ex
1048 4359 1139 4418 aaron

46 4454 131 4516 376.
153 4451 224 4512 viu
245 4450 428 4531 populorum
451 4448 561 4510 borea-
603 4451 745 4522 masurio,
772 4449 849 4506 eiciet
864 4465 901 4502 ea·
914 4449 1011 4524 puis,
1035 4449 1139 4504 s'r'nmn

847 4545 931 4617 et*
