2660 5002
207 383 279 456 too
439 377 479 450 r.
514 369 1079 474 vrnounamnoms

202 563 386 664 Daphnin
409 561 458 638 ad
483 575 581 637 astra
598 557 791 634 feremus:
810 555 961 733 pmavit
975 579 1052 629 nos
1068 561 1304 656 quoqueDa-

249 704 252 712 ·
285 723 289 736 .
841 683 910 736 ms.
1303 683 1304 690 ¹

204 793 273 847 no,
301 774 361 844 An
378 767 597 944 quidquam
613 763 728 839 nobis
743 686 810 836 tall
823 764 872 838 sit
888 783 1059 836 munere
1072 762 1224 838 maius?
1303 789 1304 828 ;

204 877 255 950 Et
269 895 370 972 puer
385 871 468 970 ipse
502 872 561 944 uit
577 867 720 943 cantari
738 865 895 964 dignuS,
923 875 962 939 et
976 865 1047 938 ista
1303 881 1304 928 t

204 967 459 1075 Iampridem
477 973 667 1048 Stimicon
681 969 851 1045 laudavit
871 968 1041 1044 carmina
1057 967 1185 1043 nobis.
1268 961 1304 1042 tt

258 1103 322 1156 nu.
351 1076 550 1154 Candidus
566 1077 764 1150 insuetum
781 1076 945 1150 miratur
960 1071 1084 1146 limen
1104 1068 1268 1167 Olympi,
1303 1063 1304 1106 ³

209 1182 291 1258 Sub
311 1181 560 1280 pedibusque
576 1178 684 1253 videt
701 1178 827 1252 nubes
843 1189 882 1251 et
898 1175 1025 1250 sidera
1039 1171 1228 1273 Daphnis.
1303 1171 1304 1242 ζ

207 1289 312 1382 Ergo
331 1284 463 1359 alacris
480 1281 591 1356 silvas
610 1296 648 1356 et
665 1293 793 1356 cetera
811 1305 902 1354 rura
921 1277 1101 1377 voluptas

208 1393 393 1489 Panaque
408 1401 664 1487 pastoresque
679 1397 789 1460 tenet
804 1381 1058 1482 Dryadasque
1075 1377 1233 1481 puellas.
1303 1481 1304 1490 ἵ

262 1531 321 1604 54.
347 1545 509 1617 n1ouus3

246 1701 289 1767 (—
303 1700 345 1756 52.
361 1698 422 1750 Vid.
431 1698 556 1760 o.v.111,
569 1697 594 1752 8.
616 1697 687 1762 Wnl
732 1697 767 1753 5³
781 1699 828 1770 ,An
843 1695 969 1766 quicquid
976 1694 1042 1746 oud.
1057 1693 1111 1744 sali
1125 1689 1273 1766 nobiallost.
1285 1695 1302 1765 tt

210 1770 302 1836 fragm.
316 1767 419 1818 Moren'.
446 1770 489 1828 Et,
501 1785 579 1836 puer,
593 1767 651 1834 ipse
662 1765 945 1834 interpuugitWakel.
959 1764 1056 1816 ooll.'v.
1073 1763 1114 1816 19.
1184 1761 1218 1816 55
1234 1761 1304 1809 Sami

211 1839 290 1899 chon,
303 1839 448 1904 Stimycon,
462 1834 532 1886 varie
546 1834 674 1886 scribitur.
698 1837 860 1904 Sthysnacon
875 1843 902 1884 et
918 1834 1067 1885 Stimethon
1080 1829 1206 1883 Gothani.
1222 1831 1247 1878 lu
1258 1829 1304 1904 Sea-l

96 1923 101 1939 ·
212 1905 293 1958 viauia
317 1903 481 1956 confunditur
500 1904 648 1972 Σιμιχίδης
665 1920 707 1971 ap.
724 1905 837 1955 Theocr.
862 1902 1004 1965 „nonnulli
1021 1901 1209 1954 Stimichonem
1228 1907 1304 1992 patreaq

212 1973 351 2027 Theocriti
365 1973 474 2024 dicunt“
493 1974 543 2025 hoo
556 1973 660 2041 quidem
673 1991 762 2040 parum
776 1985 846 2024 certa
860 1971 919 2023 lide.
954 1974 1051 2024 Verum
1067 1969 1205 2038 probabile
1216 1968 1265 2018 iude
1277 1965 1304 2028 lt,

213 2047 340 2096 Stimicon
354 2041 382 2092 in
395 2051 487 2094 nostro
499 2052 648 2109 corruptam
661 2060 718 2094 ease
733 2060 764 2093 ex
775 2045 906 2108 Σιμίχην.
924 2059 949 2092 v.
961 2042 1046 2092 Koeu.
1059 2041 1092 2091 ad
1106 2038 1272 2106 (ingonem.
1284 2039 1304 2098 pl

215 2114 272 2168 183.
297 2112 443 2164 Stinu'clms
455 2112 597 2179 repositum
611 2122 649 2161 est
664 2111 691 2160 in
703 2113 765 2164 edit.
773 2111 911 2164 Parmensi.
963 2114 997 2166 56
1016 2112 1106 2161 lumen
1114 2111 1214 2175 Meoag.
1225 2106 1304 2178 uteru,

212 2183 303 2234 Franc.
327 2181 513 2248 sicqueGil'an.
528 2181 662 2232 etCanter.
677 2191 703 2232 ct
711 2192 772 2249 post
780 2181 840 2232 illos
848 2179 967 2232 Klotaius
976 2185 1070 2248 Oposc.
1084 2197 1146 2246 pag.
1158 2181 1215 2234 aot.
1230 2187 1304 2228 namt

213 2251 315 2318 Meuag.
330 2249 410 2316 prior.
462 2251 497 2304 58
511 2263 538 2301 et
550 2261 642 2301 cetera
654 2269 729 2302 rura.
748 2254 831 2314 Quam
842 2250 894 2302 vim
903 2262 994 2300 cetera
1004 2249 1170 2310 h.l.haheat,
1183 2263 1231 2297 non
1239 2231 1304 2304 sidetd

212 2321 293 2372 Erant
306 2329 392 2370 tamen
407 2318 523 2385 epitheto
540 2336 606 2386 quse
621 2317 725 2387 adiungi
739 2331 873 2387 poterant:
885 2320 988 2388 florea,
1006 2318 1123 2370 roscida.
1159 2319 1228 2368 Nunc
1239 2311 1304 2388 ridell

215 2389 294 2440 etism
305 2391 342 2440 lo.
351 2387 488 2439 Schrader.
501 2387 568 2438 coni.
588 2401 752 2456 secretaque,
771 2409 850 2440 secur
887 2407 928 2438 ue.
952 2389 1059 2438 Poterat
1071 2403 1174 2455 quoque
1190 2383 1256 2436 scribi
1266 2379 1304 2470 ”ll

214 2477 272 2520 vos,
290 2470 318 2508 et
331 2475 422 2527 agros,
436 2470 463 2508 et
478 2475 554 2509 rura.
590 2457 652 2525 (Sed
665 2457 717 2508 vid.
731 2460 794 2510 Not.
817 2407 888 2522 ch
940 2459 975 2512 59
1003 2451 1304 2525 ›asturesqnesimalllcq

214 2545 274 2594 neg.
289 2527 363 2578 alter.
381 2526 455 2578 videt
468 2528 535 2577 Veu.
563 2527 692 2607 Dryades
704 2529 778 2578 llom.
791 2537 819 2578 et
831 2527 906 2578 Leid.
942 2529 980 2596 (ln
992 2477 1035 2577 his
1048 2525 1194 2576 nominibus
1205 2519 1304 2576 Gnsatffll

215 2607 318 2649 secutus
333 2605 373 2648 est
386 2596 496 2648 soranam
508 2595 650 2664 Virgilium
667 2595 704 2648 sio
718 2598 765 2648 Ge.
778 2597 799 2662 I,
815 2596 886 2651 lah:
905 2595 1062 2660 „l'leiadas,
1081 2595 1194 2663 Hyadas.
1200 2599 1215 2622 ‘³
1229 2597 1277 2642 ,lea
1286 2587 1304 2640 p

214 2755 295 2844 inter
326 2752 412 2811 divos
445 2752 596 2812 sublatum
630 2773 756 2828 oauam3
797 2753 1028 2812 inanimatorum
1049 2751 1091 2817 58
1104 2749 1206 2816 -ul
1248 2741 1299 2804 lale

217 2848 371 2898 esttamen
383 2838 483 2898 verius
495 2858 534 2896 ex
543 2859 600 2898 usu
613 2837 757 2917 loquendi
798 2859 916 2898 sacrum
929 2859 1062 2898 annuum
1077 2838 1105 2896 ei
1118 2831 1297 2896 insumendum

217 2933 247 2983 et
260 2924 434 3002 simplicius:
462 2924 691 3000 celebrabimus,
720 2933 757 2984 ut
797 2935 904 2983 narrat
939 2925 979 2989 65
996 2958 1040 2969 —
1064 2927 1115 2988 80.
1167 2917 1297 2984 Candidus,

216 3010 270 3083 IX,
289 3013 330 3072 29
363 3011 458 3083 Vara,
488 3021 572 3068 tuum
596 3031 757 3068 nomen-
797 3009 976 3089 splendens,
1012 3009 1147 3082 micans,
1179 3017 1212 3066 ut
1233 3002 1296 3060 sidu&

220 3094 379 3151 camames
399 3091 523 3152 sublime
532 3095 635 3174 serent
654 3096 697 3152 ad
711 3098 755 3152 εί-
798 3093 968 3177 (candidus,
993 3094 1106 3168 hilaris,
1129 3093 1204 3172 qussi
1221 3091 1296 3148 itast·

218 3177 291 3236 dem
304 3180 413 3254 cygni:
436 3189 467 3237 et
484 3199 548 3259 sup.
562 3179 604 3243 43
621 3181 690 3238 ltine
703 3202 755 3237 ua-
797 3199 902 3256 renus,
930 3191 967 3238 ut
991 3201 1029 3239 no
1050 3180 1192 3240 levissima
1209 3171 1296 3253 quidem

219 3284 275 3344 que
288 3264 331 3320 ad
343 3261 440 3322 aedera
462 3278 558 3322 noum.
605 3262 684 3345 (Hoc
700 3285 756 3324 vs-
797 3266 945 3326 nubeculs
979 3267 1145 3326 moestifiae
1183 3259 1296 3322 dolorisve

218 3367 289 3409 rum
307 3345 446 3424 videtin,
474 3349 535 3409 vid.
558 3350 596 3423 Q.
617 3351 652 3410 V.
672 3351 712 3425 X,
726 3355 756 3414 2.
799 3351 886 3410 adsit
930 3351 979 3410 Sic
1006 3353 1132 3410 corsds'ds'
1148 3351 1219 3420 dha,
1242 3361 1304 3456 aaa,

222 3431 305 3515 Wr.)
335 3433 429 3492 Porro
445 3453 476 3493 v.
492 3436 534 3500 54
544 3457 623 3514 puer
640 3436 757 3494 estDa-
798 3437 872 3494 dr'cla
880 3436 977 3515 sata,
1006 3438 1138 3496 candida
1158 3438 1230 3504 Par,
1247 3431 1294 3485 Ab·

219 3517 318 3600 plania.
348 3519 438 3578 Sicv.
454 3517 496 3583 49
513 3541 593 3598 puer
612 3531 678 3580 erat
692 3521 759 3581 Μο-
800 3542 882 3595 rum,
905 3522 1053 3582 condatino
1070 3523 1166 3581 Liber.
1198 3509 1295 3591 Rapidi

220 3625 306 3686 psus,
337 3603 393 3662 etsi
411 3613 507 3664 aetate
525 3607 621 3666 maior
643 3627 707 3686 sup.
728 3607 758 3669 4.
801 3615 901 3666 autem
925 3618 1015 3686 poeta
1040 3607 1254 3688 superstitionem
1274 3595 1293 3650 lt

221 3687 272 3771 (p.
300 3693 379 3767 ipse,
407 3691 469 3750 vid.
492 3689 530 3764 Q.
551 3691 591 3774 V.
607 3693 714 3768 XVlll,
728 3696 759 3766 2,
800 3693 979 3772 Prolegg.ad
990 3692 1304 3776 hancEetinitmeue]

221 3795 250 3854 p.
270 3773 358 3856 Wr.)
711 3781 714 3788 ’
800 3787 907 3838 ratam.
922 3780 976 3856 Sp.
991 3813 1034 3824 -
1051 3771 1304 3858 olympushlaot

264 3861 315 3924 aa.
341 3861 404 3919 tam
421 3858 553 3940 nuptm
573 3861 646 3920 aeus
662 3863 759 3922 stau.
802 3865 890 3940 cod,
912 3865 1168 3924 utrumnam
1184 3855 1292 3940 puram

223 3944 406 4042 celebratur,
421 3944 523 4022 itaque
536 3945 582 4022 ei,
606 3957 760 4026 tamquam
801 3960 862 4009 tur.
889 3947 991 4031 Voss.)
1028 3953 1123 4011 Locm
1140 3957 1224 4008 auteur
1235 3941 1290 4026 lurp

222 4049 303 4088 novo
324 4031 441 4089 umutni
460 4031 581 4108 agresti,
610 4053 644 4092 ea
661 4033 760 4092 omnia
803 4035 999 4096 dulcissimus.
1049 4039 1099 4102 58.
1128 4033 1224 4094 alumi·
1238 4031 1291 4082 ΝΜ

223 4113 419 4192 tribuuntur,
447 4136 523 4194 quae
546 4117 608 4176 aive
635 4119 760 4179 deorum
802 4123 917 4200 poetica
939 4113 1007 4180 curn
1028 4123 1163 4199 sulnptas
1178 4103 1290 4198 turgide

224 4199 295 4258 olim
306 4199 338 4258 in
353 4200 441 4258 terris
451 4204 633 4280 praesentiae
647 4204 763 4262 tn'bue-
806 4215 860 4265 cet.
890 4205 986 4288 (Ergo
1001 4227 1056 4286 pro
1069 4211 1159 4287 agam
1171 4201 1197 4260 h.
1209 4199 1223 4256 l·
1232 4209 1289 4272 ΡΜ·

223 4283 354 4358 bantur,
377 4285 440 4344 sive
456 4287 580 4346 deorum
599 4287 763 4348 honoribus
805 4301 872 4350 tum
904 4311 985 4364 esse,
1017 4293 1125 4372 probat
1156 4273 1304 4345 lachmann-l

223 4369 341 4428 institui
356 4370 504 4446 solebant3
526 4393 640 4434 summa
652 4373 764 4434 scilicet
806 4377 941 4458 Propert.
962 4397 1027 4456 pag.
1048 4383 1117 4441 236.
1132 4377 1194 4435 Wr.
1209 4361 1288 4414 ‘ll'
1303 4349 1304 4416 l

224 4453 339 4516 laetitia
356 4454 446 4514 etiarn
467 4459 598 4518 serarum
618 4468 648 4520 et
661 4479 763 4520 renna
806 4474 868 4520 tera
896 4463 971 4521 bena
997 4461 1140 4522 adiectum
1151 4479 1159 4534 3
1187 4467 1240 4512 um
1255 4451 1304 4498 ΠΨ
