<?xml version="1.0" encoding="UTF-8"?>
<!DOCTYPE html PUBLIC "-//W3C//DTD XHTML 1.0 Transitional//EN"
    "http://www.w3.org/TR/xhtml1/DTD/xhtml1-transitional.dtd">
<html xmlns="http://www.w3.org/1999/xhtml" xml:lang="en" lang="en">
 <head>
  <title>
</title>
<meta http-equiv="Content-Type" content="text/html;charset=utf-8" />
  <meta name='ocr-system' content='tesseract 3.04.00' />
  <meta name='ocr-capabilities' content='ocr_page ocr_carea ocr_par ocr_line ocrx_word'/>
</head>
<body>
  <div class='ocr_page' id='page_1' title='image "./publiusvirgiliu00virggoog/publiusvirgiliu00virggoog_0579.png"; bbox 0 0 2652 5032; ppageno 0'>
   <div class='ocr_carea' id='block_1_1' title="bbox 225 347 1108 444">
    <p class='ocr_par' dir='ltr' id='par_1_1' title="bbox 225 347 1108 444">
     <span class='ocr_line' id='line_1_1' title="bbox 225 347 1108 444; baseline 0 0"><span class='ocrx_word' id='word_1_1' title='bbox 225 369 301 444; x_wconf 83' lang='lat'><strong>446</strong></span> <span class='ocrx_word' id='word_1_2' title='bbox 481 365 522 440; x_wconf 80' lang='lat' dir='ltr'><strong>r.</strong></span> <span class='ocrx_word' id='word_1_3' title='bbox 548 347 1108 444; x_wconf 75' lang='lat' dir='ltr'><strong>v1nc1n111unnou1s</strong></span> 
     </span>
    </p>
   </div>
   <div class='ocr_carea' id='block_1_2' title="bbox 225 545 1302 838">
    <p class='ocr_par' dir='ltr' id='par_1_2' title="bbox 225 545 1302 838">
     <span class='ocr_line' id='line_1_2' title="bbox 225 545 1302 654; baseline 0 -28"><span class='ocrx_word' id='word_1_4' title='bbox 225 553 388 628; x_wconf 86' lang='lat' dir='ltr'><strong>Summe</strong></span> <span class='ocrx_word' id='word_1_5' title='bbox 405 561 520 650; x_wconf 85' lang='lat' dir='ltr'><strong>pete,</strong></span> <span class='ocrx_word' id='word_1_6' title='bbox 548 563 615 626; x_wconf 82' lang='lat' dir='ltr'><strong>aut</strong></span> <span class='ocrx_word' id='word_1_7' title='bbox 633 575 789 628; x_wconf 85' lang='lat' dir='ltr'><strong>summe</strong></span> <span class='ocrx_word' id='word_1_8' title='bbox 806 545 989 651; x_wconf 82' lang='lat' dir='ltr'><strong>defringe</strong></span> <span class='ocrx_word' id='word_1_9' title='bbox 1010 577 1056 628; x_wconf 83' lang='lat' dir='ltr'><strong>er</strong></span> <span class='ocrx_word' id='word_1_10' title='bbox 1077 553 1206 630; x_wconf 86' lang='lat' dir='ltr'><strong>arbore</strong></span> <span class='ocrx_word' id='word_1_11' title='bbox 1219 552 1302 654; x_wconf 83' lang='lat' dir='ltr'><strong>plan-</strong></span> 
     </span>
     <span class='ocr_line' id='line_1_3' title="bbox 274 665 1302 838; baseline -0.007 0"><span class='ocrx_word' id='word_1_12' title='bbox 274 765 362 838; x_wconf 77' lang='lat'><strong>300.</strong></span> <span class='ocrx_word' id='word_1_13' title='bbox 388 777 607 832; x_wconf 81' lang='lat' dir='ltr'><strong>nssrnrrca</strong></span> <span class='ocrx_word' id='word_1_14' title='bbox 806 667 882 748; x_wconf 81' lang='lat' dir='ltr'><strong>tas,</strong></span> <span class='ocrx_word' id='word_1_15' title='bbox 1247 665 1302 735; x_wconf 59' lang='lat'><strong>3⁰⁰</strong></span> 
     </span>
    </p>
   </div>
   <div class='ocr_carea' id='block_1_3' title="bbox 217 930 1305 3014">
    <p class='ocr_par' dir='ltr' id='par_1_3' title="bbox 218 930 1304 1836">
     <span class='ocr_line' id='line_1_4' title="bbox 256 930 1302 1002; baseline -0.001 -19"><span class='ocrx_word' id='word_1_16' title='bbox 256 931 309 990; x_wconf 76' lang='grc'><strong>800</strong></span> <span class='ocrx_word' id='word_1_17' title='bbox 327 935 437 983; x_wconf 81' lang='lat' dir='ltr'><strong>Summo</strong></span> <span class='ocrx_word' id='word_1_18' title='bbox 475 943 525 982; x_wconf 82' lang='lat' dir='ltr'><strong>uta</strong></span> <span class='ocrx_word' id='word_1_19' title='bbox 544 931 692 982; x_wconf 77' lang='lat' dir='ltr'><strong>coniecerat</strong></span> <span class='ocrx_word' id='word_1_20' title='bbox 711 930 800 984; x_wconf 86' lang='lat' dir='ltr'><strong>Heius.</strong></span> <span class='ocrx_word' id='word_1_21' title='bbox 835 933 888 984; x_wconf 86' lang='lat' dir='ltr'><strong>Sed</strong></span> <span class='ocrx_word' id='word_1_22' title='bbox 907 931 959 984; x_wconf 86' lang='lat' dir='ltr'><strong>rid.</strong></span> <span class='ocrx_word' id='word_1_23' title='bbox 974 931 1074 995; x_wconf 86' lang='lat' dir='ltr'><strong>Bmm.;</strong></span> <span class='ocrx_word' id='word_1_24' title='bbox 1098 951 1142 984; x_wconf 81' lang='lat' dir='ltr'><strong>uec</strong></span> <span class='ocrx_word' id='word_1_25' title='bbox 1157 931 1187 984; x_wconf 91' lang='lat' dir='ltr'><strong>de</strong></span> <span class='ocrx_word' id='word_1_26' title='bbox 1200 932 1302 1002; x_wconf 74' lang='lat' dir='ltr'><strong>putitione</strong></span> 
     </span>
     <span class='ocr_line' id='line_1_5' title="bbox 223 1000 1302 1072; baseline -0.004 -19"><span class='ocrx_word' id='word_1_27' title='bbox 223 1003 266 1054; x_wconf 90' lang='lat' dir='ltr'><strong>hic</strong></span> <span class='ocrx_word' id='word_1_28' title='bbox 279 1000 373 1069; x_wconf 85' lang='lat' dir='ltr'><strong>agitur.</strong></span> <span class='ocrx_word' id='word_1_29' title='bbox 409 1002 428 1052; x_wconf 85' lang='lat' dir='ltr'><strong>d</strong></span> <span class='ocrx_word' id='word_1_30' title='bbox 459 1003 539 1070; x_wconf 77' lang='lat' dir='ltr'><strong>ringe</strong></span> <span class='ocrx_word' id='word_1_31' title='bbox 553 1000 647 1052; x_wconf 82' lang='lat' dir='ltr'><strong>Medic.</strong></span> <span class='ocrx_word' id='word_1_32' title='bbox 661 1011 689 1050; x_wconf 89' lang='lat' dir='ltr'><strong>et</strong></span> <span class='ocrx_word' id='word_1_33' title='bbox 704 1001 786 1052; x_wconf 88' lang='lat' dir='ltr'><strong>ceteri</strong></span> <span class='ocrx_word' id='word_1_34' title='bbox 805 1001 1011 1070; x_wconf 73' lang='lat' dir='ltr'><strong>praestantiores</strong></span> <span class='ocrx_word' id='word_1_35' title='bbox 1028 1005 1120 1072; x_wconf 72' lang='lat' dir='ltr'><strong>migne</strong></span> <span class='ocrx_word' id='word_1_36' title='bbox 1139 1020 1169 1052; x_wconf 84' lang='lat' dir='ltr'><strong>er</strong></span> <span class='ocrx_word' id='word_1_37' title='bbox 1184 1013 1258 1072; x_wconf 75' lang='lat' dir='ltr'><strong>perte:</strong></span> <span class='ocrx_word' id='word_1_38' title='bbox 1278 1002 1302 1050; x_wconf 77' lang='lat' dir='ltr'><strong>sii</strong></span> 
     </span>
     <span class='ocr_line' id='line_1_6' title="bbox 222 1069 1303 1141; baseline -0.005 -17"><span class='ocrx_word' id='word_1_39' title='bbox 222 1075 353 1126; x_wconf 83' lang='lat' dir='ltr'><strong>Romanus</strong></span> <span class='ocrx_word' id='word_1_40' title='bbox 369 1078 396 1121; x_wconf 91' lang='lat' dir='ltr'><strong>et</strong></span> <span class='ocrx_word' id='word_1_41' title='bbox 416 1088 477 1140; x_wconf 84' lang='lat' dir='ltr'><strong>pers</strong></span> <span class='ocrx_word' id='word_1_42' title='bbox 496 1069 689 1136; x_wconf 83' lang='lat' dir='ltr'><strong>Pierinnornm,</strong></span> <span class='ocrx_word' id='word_1_43' title='bbox 714 1069 767 1122; x_wconf 90' lang='lat' dir='ltr'><strong>duo</strong></span> <span class='ocrx_word' id='word_1_44' title='bbox 789 1071 866 1122; x_wconf 85' lang='lat' dir='ltr'><strong>codd.</strong></span> <span class='ocrx_word' id='word_1_45' title='bbox 884 1081 913 1122; x_wconf 92' lang='lat' dir='ltr'><strong>et</strong></span> <span class='ocrx_word' id='word_1_46' title='bbox 935 1083 998 1124; x_wconf 83' lang='lat' dir='ltr'><strong>vett.</strong></span> <span class='ocrx_word' id='word_1_47' title='bbox 1022 1073 1082 1124; x_wconf 85' lang='lat' dir='ltr'><strong>edd.</strong></span> <span class='ocrx_word' id='word_1_48' title='bbox 1100 1072 1165 1141; x_wconf 91' lang='lat' dir='ltr'><strong>apud</strong></span> <span class='ocrx_word' id='word_1_49' title='bbox 1183 1073 1269 1122; x_wconf 77' lang='lat' dir='ltr'><strong>Martii.</strong></span> <span class='ocrx_word' id='word_1_50' title='bbox 1286 1081 1303 1119; x_wconf 79' lang='lat' dir='ltr'><strong>rt</strong></span> 
     </span>
     <span class='ocr_line' id='line_1_7' title="bbox 222 1137 1301 1213; baseline -0.006 -19"><span class='ocrx_word' id='word_1_51' title='bbox 222 1153 332 1211; x_wconf 89' lang='lat' dir='ltr'><strong>uterque</strong></span> <span class='ocrx_word' id='word_1_52' title='bbox 346 1139 426 1191; x_wconf 87' lang='lat' dir='ltr'><strong>Goth.</strong></span> <span class='ocrx_word' id='word_1_53' title='bbox 439 1157 495 1190; x_wconf 88' lang='lat' dir='ltr'><strong>curu</strong></span> <span class='ocrx_word' id='word_1_54' title='bbox 507 1140 576 1202; x_wconf 72' lang='lat' dir='ltr'><strong>ert,</strong></span> <span class='ocrx_word' id='word_1_55' title='bbox 595 1157 647 1207; x_wconf 90' lang='lat' dir='ltr'><strong>quo</strong></span> <span class='ocrx_word' id='word_1_56' title='bbox 660 1137 753 1191; x_wconf 82' lang='lat' dir='ltr'><strong>alludit</strong></span> <span class='ocrx_word' id='word_1_57' title='bbox 765 1139 843 1192; x_wconf 76' lang='lat' dir='ltr'><strong>haud</strong></span> <span class='ocrx_word' id='word_1_58' title='bbox 854 1159 958 1193; x_wconf 82' lang='lat' dir='ltr'><strong>summa</strong></span> <span class='ocrx_word' id='word_1_59' title='bbox 979 1139 1108 1213; x_wconf 76' lang='lat' dir='ltr'><strong>defii&#39;rrge</strong></span> <span class='ocrx_word' id='word_1_60' title='bbox 1119 1141 1157 1192; x_wconf 83' lang='lat' dir='ltr'><strong>ed.</strong></span> <span class='ocrx_word' id='word_1_61' title='bbox 1168 1143 1234 1202; x_wconf 74' lang='lat' dir='ltr'><strong>Vm,</strong></span> <span class='ocrx_word' id='word_1_62' title='bbox 1249 1141 1301 1206; x_wconf 77' lang='lat' dir='ltr'><strong>idque</strong></span> 
     </span>
     <span class='ocr_line' id='line_1_8' title="bbox 222 1207 1301 1282; baseline -0.006 -19"><span class='ocrx_word' id='word_1_63' title='bbox 222 1229 285 1263; x_wconf 83' lang='lat' dir='ltr'><strong>vero</strong></span> <span class='ocrx_word' id='word_1_64' title='bbox 303 1211 412 1280; x_wconf 85' lang='lat' dir='ltr'><strong>propius</strong></span> <span class='ocrx_word' id='word_1_65' title='bbox 434 1225 491 1260; x_wconf 88' lang='lat' dir='ltr'><strong>esse</strong></span> <span class='ocrx_word' id='word_1_66' title='bbox 512 1207 678 1262; x_wconf 82' lang='lat' dir='ltr'><strong>existimabat</strong></span> <span class='ocrx_word' id='word_1_67' title='bbox 697 1209 827 1261; x_wconf 76' lang='lat' dir='ltr'>Heinsius.</span> <span class='ocrx_word' id='word_1_68' title='bbox 871 1211 944 1262; x_wconf 87' lang='lat' dir='ltr'><strong>Idem</strong></span> <span class='ocrx_word' id='word_1_69' title='bbox 971 1221 1059 1262; x_wconf 85' lang='lat' dir='ltr'><strong>tamen</strong></span> <span class='ocrx_word' id='word_1_70' title='bbox 1080 1215 1209 1282; x_wconf 81' lang='lat' dir='ltr'><strong>stringere</strong></span> <span class='ocrx_word' id='word_1_71' title='bbox 1225 1211 1301 1278; x_wconf 76' lang='lat' dir='ltr'><strong>copiosi</strong></span> 
     </span>
     <span class='ocr_line' id='line_1_9' title="bbox 222 1278 1303 1350; baseline -0.006 -17"><span class='ocrx_word' id='word_1_72' title='bbox 222 1283 345 1334; x_wconf 88' lang='lat' dir='ltr'><strong>illustrat.</strong></span> <span class='ocrx_word' id='word_1_73' title='bbox 379 1283 415 1332; x_wconf 75' lang='lat' dir='ltr'><strong>At</strong></span> <span class='ocrx_word' id='word_1_74' title='bbox 429 1281 603 1342; x_wconf 81' lang='lat' dir='ltr'><strong>Burmannus,</strong></span> <span class='ocrx_word' id='word_1_75' title='bbox 623 1278 646 1329; x_wconf 89' lang='lat' dir='ltr'><strong>si</strong></span> <span class='ocrx_word' id='word_1_76' title='bbox 661 1287 733 1330; x_wconf 88' lang='lat' dir='ltr'><strong>recte</strong></span> <span class='ocrx_word' id='word_1_77' title='bbox 747 1278 802 1331; x_wconf 84' lang='lat' dir='ltr'><strong>eins</strong></span> <span class='ocrx_word' id='word_1_78' title='bbox 815 1281 895 1332; x_wconf 84' lang='lat' dir='ltr'><strong>verba</strong></span> <span class='ocrx_word' id='word_1_79' title='bbox 910 1281 1028 1350; x_wconf 84' lang='lat' dir='ltr'><strong>accipio,</strong></span> <span class='ocrx_word' id='word_1_80' title='bbox 1051 1280 1123 1332; x_wconf 85' lang='lat' dir='ltr'><strong>illem</strong></span> <span class='ocrx_word' id='word_1_81' title='bbox 1135 1279 1258 1332; x_wconf 80' lang='lat' dir='ltr'><strong>lectionem</strong></span> <span class='ocrx_word' id='word_1_82' title='bbox 1269 1295 1303 1328; x_wconf 86' lang='lat' dir='ltr'><strong>nun</strong></span> 
     </span>
     <span class='ocr_line' id='line_1_10' title="bbox 221 1346 1302 1424; baseline -0.008 -21"><span class='ocrx_word' id='word_1_83' title='bbox 221 1352 365 1424; x_wconf 79' lang='lat' dir='ltr'><strong>probabat3</strong></span> <span class='ocrx_word' id='word_1_84' title='bbox 391 1346 527 1400; x_wconf 86' lang='lat' dir='ltr'><strong>nonenim</strong></span> <span class='ocrx_word' id='word_1_85' title='bbox 543 1357 675 1400; x_wconf 75' lang='lat' dir='ltr'><strong>sarmenta</strong></span> <span class='ocrx_word' id='word_1_86' title='bbox 695 1357 756 1400; x_wconf 86' lang='lat' dir='ltr'><strong>sunt</strong></span> <span class='ocrx_word' id='word_1_87' title='bbox 773 1367 851 1402; x_wconf 81' lang='lat' dir='ltr'><strong>mauu</strong></span> <span class='ocrx_word' id='word_1_88' title='bbox 871 1351 1030 1418; x_wconf 82' lang='lat' dir='ltr'><strong>frangendo,</strong></span> <span class='ocrx_word' id='word_1_89' title='bbox 1055 1351 1257 1402; x_wconf 82' lang='lat' dir='ltr'><strong>sedlerroacuto</strong></span> <span class='ocrx_word' id='word_1_90' title='bbox 1270 1347 1302 1396; x_wconf 62' lang='lat' dir='ltr'><strong>sl</strong></span> 
     </span>
     <span class='ocr_line' id='line_1_11' title="bbox 222 1413 1303 1498; baseline -0.008 -24"><span class='ocrx_word' id='word_1_91' title='bbox 222 1421 378 1482; x_wconf 77' lang='lat' dir='ltr'><strong>scindenda3</strong></span> <span class='ocrx_word' id='word_1_92' title='bbox 403 1419 489 1472; x_wconf 79' lang='lat' dir='ltr'><strong>Varro</strong></span> <span class='ocrx_word' id='word_1_93' title='bbox 506 1419 526 1480; x_wconf 93' lang='lat' dir='ltr'><strong>l,</strong></span> <span class='ocrx_word' id='word_1_94' title='bbox 543 1413 579 1471; x_wconf 75' lang='grc'><strong>40</strong></span> <span class='ocrx_word' id='word_1_95' title='bbox 598 1430 627 1468; x_wconf 80' lang='lat' dir='ltr'><strong>et</strong></span> <span class='ocrx_word' id='word_1_96' title='bbox 646 1435 716 1498; x_wconf 78' lang='lat' dir='ltr'><strong>pune</strong></span> <span class='ocrx_word' id='word_1_97' title='bbox 736 1418 771 1470; x_wconf 87' lang='lat' dir='ltr'><strong>de</strong></span> <span class='ocrx_word' id='word_1_98' title='bbox 790 1416 890 1473; x_wconf 79' lang='lat' dir='ltr'><strong>arbore</strong></span> <span class='ocrx_word' id='word_1_99' title='bbox 910 1419 1083 1490; x_wconf 78' lang='lat' dir='ltr'><strong>transferas,</strong></span> <span class='ocrx_word' id='word_1_100' title='bbox 1109 1431 1140 1470; x_wconf 86' lang='lat' dir='ltr'><strong>ut</strong></span> <span class='ocrx_word' id='word_1_101' title='bbox 1153 1437 1184 1470; x_wconf 83' lang='lat' dir='ltr'><strong>en</strong></span> <span class='ocrx_word' id='word_1_102' title='bbox 1197 1417 1303 1490; x_wconf 67' lang='lat' dir='ltr'><strong>deplentur</strong></span> 
     </span>
     <span class='ocr_line' id='line_1_12' title="bbox 218 1483 1303 1565; baseline -0.008 -21"><span class='ocrx_word' id='word_1_103' title='bbox 218 1494 323 1565; x_wconf 83' lang='lat' dir='ltr'><strong>potius,</strong></span> <span class='ocrx_word' id='word_1_104' title='bbox 336 1507 416 1560; x_wconf 81' lang='lat' dir='ltr'><strong>quam</strong></span> <span class='ocrx_word' id='word_1_105' title='bbox 430 1483 582 1558; x_wconf 73' lang='lat' dir='ltr'><strong>defringere.</strong></span> <span class='ocrx_word' id='word_1_106' title='bbox 609 1489 746 1538; x_wconf 83' lang='lat' dir='ltr'><strong>Emmvero</strong></span> <span class='ocrx_word' id='word_1_107' title='bbox 761 1487 789 1538; x_wconf 91' lang='lat' dir='ltr'><strong>id</strong></span> <span class='ocrx_word' id='word_1_108' title='bbox 802 1485 915 1540; x_wconf 88' lang='lat' dir='ltr'><strong>alienum</strong></span> <span class='ocrx_word' id='word_1_109' title='bbox 925 1489 958 1540; x_wconf 80' lang='lat' dir='ltr'><strong>ab</strong></span> <span class='ocrx_word' id='word_1_110' title='bbox 972 1489 1031 1540; x_wconf 89' lang='lat' dir='ltr'><strong>h.l.</strong></span> <span class='ocrx_word' id='word_1_111' title='bbox 1055 1492 1150 1542; x_wconf 80' lang='lat' dir='ltr'><strong>Utrum</strong></span> <span class='ocrx_word' id='word_1_112' title='bbox 1162 1499 1237 1538; x_wconf 84' lang='lat' dir='ltr'><strong>utnnn</strong></span> <span class='ocrx_word' id='word_1_113' title='bbox 1248 1487 1303 1552; x_wconf 57' lang='lat' dir='ltr'><strong>legis</strong></span> 
     </span>
     <span class='ocr_line' id='line_1_13' title="bbox 222 1553 1304 1630; baseline -0.009 -16"><span class='ocrx_word' id='word_1_114' title='bbox 222 1562 362 1630; x_wconf 82' lang='lat' dir='ltr'><strong>destringe</strong></span> <span class='ocrx_word' id='word_1_115' title='bbox 382 1569 408 1609; x_wconf 91' lang='lat' dir='ltr'><strong>et</strong></span> <span class='ocrx_word' id='word_1_116' title='bbox 430 1553 572 1625; x_wconf 77' lang='lat' dir='ltr'><strong>defringe,</strong></span> <span class='ocrx_word' id='word_1_117' title='bbox 595 1555 664 1606; x_wconf 91' lang='lat' dir='ltr'><strong>idem</strong></span> <span class='ocrx_word' id='word_1_118' title='bbox 688 1566 743 1620; x_wconf 88' lang='lat' dir='ltr'><strong>est,</strong></span> <span class='ocrx_word' id='word_1_119' title='bbox 769 1557 840 1626; x_wconf 85' lang='lat' dir='ltr'>qnod</span> <span class='ocrx_word' id='word_1_120' title='bbox 861 1569 937 1627; x_wconf 90' lang='lat' dir='ltr'><strong>pete,</strong></span> <span class='ocrx_word' id='word_1_121' title='bbox 965 1576 1045 1610; x_wconf 79' lang='lat' dir='ltr'><strong>sume.</strong></span> <span class='ocrx_word' id='word_1_122' title='bbox 1080 1559 1170 1610; x_wconf 84' lang='lat' dir='ltr'><strong>Potest</strong></span> <span class='ocrx_word' id='word_1_123' title='bbox 1189 1555 1304 1608; x_wconf 79' lang='lat' dir='ltr'><strong>sutemde·</strong></span> 
     </span>
     <span class='ocr_line' id='line_1_14' title="bbox 222 1625 1302 1699; baseline -0.006 -16"><span class='ocrx_word' id='word_1_124' title='bbox 222 1632 324 1698; x_wconf 73' lang='lat' dir='ltr'><strong>stringi</strong></span> <span class='ocrx_word' id='word_1_125' title='bbox 338 1639 365 1678; x_wconf 90' lang='lat' dir='ltr'><strong>et</strong></span> <span class='ocrx_word' id='word_1_126' title='bbox 377 1628 404 1678; x_wconf 92' lang='lat' dir='ltr'><strong>id</strong></span> <span class='ocrx_word' id='word_1_127' title='bbox 419 1625 485 1688; x_wconf 88' lang='lat' dir='ltr'><strong>dici,</strong></span> <span class='ocrx_word' id='word_1_128' title='bbox 504 1625 574 1694; x_wconf 79' lang='lat' dir='ltr'><strong>quod</strong></span> <span class='ocrx_word' id='word_1_129' title='bbox 593 1626 665 1676; x_wconf 84' lang='lat' dir='ltr'><strong>ferro</strong></span> <span class='ocrx_word' id='word_1_130' title='bbox 688 1625 856 1678; x_wconf 74' lang='lat' dir='ltr'><strong>abscinditur.</strong></span> <span class='ocrx_word' id='word_1_131' title='bbox 891 1629 974 1680; x_wconf 87' lang='lat' dir='ltr'><strong>Porro</strong></span> <span class='ocrx_word' id='word_1_132' title='bbox 991 1628 1128 1699; x_wconf 74' lang='lat' dir='ltr'><strong>distringe</strong></span> <span class='ocrx_word' id='word_1_133' title='bbox 1145 1628 1172 1678; x_wconf 92' lang='lat' dir='ltr'><strong>in</strong></span> <span class='ocrx_word' id='word_1_134' title='bbox 1186 1627 1243 1678; x_wconf 67' lang='lat' dir='ltr'><strong>eliis</strong></span> <span class='ocrx_word' id='word_1_135' title='bbox 1261 1625 1302 1690; x_wconf 60' lang='grc' dir='ltr'><strong>ξιτ·</strong></span> 
     </span>
     <span class='ocr_line' id='line_1_15' title="bbox 222 1695 1302 1768; baseline -0.009 -16"><span class='ocrx_word' id='word_1_136' title='bbox 222 1699 318 1752; x_wconf 88' lang='lat' dir='ltr'><strong>otiuuis</strong></span> <span class='ocrx_word' id='word_1_137' title='bbox 336 1699 518 1766; x_wconf 75' lang='lat' dir='ltr'><strong>distringe-</strong></span> <span class='ocrx_word' id='word_1_138' title='bbox 533 1695 692 1768; x_wconf 79' lang='lat' dir='ltr'><strong>destringe?</strong></span> <span class='ocrx_word' id='word_1_139' title='bbox 703 1725 736 1734; x_wconf 92' lang='lat'>-</span> <span class='ocrx_word' id='word_1_140' title='bbox 755 1695 893 1748; x_wconf 79' lang='lat' dir='ltr'><strong>admodum</strong></span> <span class='ocrx_word' id='word_1_141' title='bbox 908 1697 987 1748; x_wconf 86' lang='lat' dir='ltr'><strong>dubia</strong></span> <span class='ocrx_word' id='word_1_142' title='bbox 1002 1697 1076 1748; x_wconf 88' lang='lat' dir='ltr'><strong>fides.</strong></span> <span class='ocrx_word' id='word_1_143' title='bbox 1111 1695 1234 1768; x_wconf 78' lang='lat' dir='ltr'><strong>Desringe</strong></span> <span class='ocrx_word' id='word_1_144' title='bbox 1251 1695 1302 1743; x_wconf 77' lang='lat' dir='ltr'><strong>etim</strong></span> 
     </span>
     <span class='ocr_line' id='line_1_16' title="bbox 220 1763 1302 1836; baseline -0.01 -16"><span class='ocrx_word' id='word_1_145' title='bbox 220 1767 334 1824; x_wconf 82' lang='lat' dir='ltr'><strong>Potterii</strong></span> <span class='ocrx_word' id='word_1_146' title='bbox 351 1766 427 1817; x_wconf 90' lang='lat' dir='ltr'><strong>codd.</strong></span> <span class='ocrx_word' id='word_1_147' title='bbox 442 1781 531 1815; x_wconf 89' lang='lat' dir='ltr'><strong>omues</strong></span> <span class='ocrx_word' id='word_1_148' title='bbox 545 1773 571 1814; x_wconf 87' lang='lat' dir='ltr'><strong>et</strong></span> <span class='ocrx_word' id='word_1_149' title='bbox 585 1773 694 1834; x_wconf 89' lang='lat' dir='ltr'><strong>uterque</strong></span> <span class='ocrx_word' id='word_1_150' title='bbox 707 1763 787 1834; x_wconf 88' lang='lat' dir='ltr'><strong>Lips.‚</strong></span> <span class='ocrx_word' id='word_1_151' title='bbox 812 1766 881 1817; x_wconf 85' lang='lat' dir='ltr'><strong>idern</strong></span> <span class='ocrx_word' id='word_1_152' title='bbox 895 1777 975 1826; x_wconf 76' lang='lat' dir='ltr'><strong>notae</strong></span> <span class='ocrx_word' id='word_1_153' title='bbox 990 1771 1063 1818; x_wconf 77' lang='lat' dir='ltr'><strong>Serv.</strong></span> <span class='ocrx_word' id='word_1_154' title='bbox 1079 1765 1257 1836; x_wconf 81' lang='lat' dir='ltr'><strong>praescriptum</strong></span> <span class='ocrx_word' id='word_1_155' title='bbox 1283 1765 1302 1810; x_wconf 78' lang='lat' dir='ltr'><strong>it</strong></span> 
     </span>
    </p>

    <p class='ocr_par' dir='ltr' id='par_1_4' title="bbox 217 1829 1305 3014">
     <span class='ocr_line' id='line_1_17' title="bbox 240 1829 1302 1906; baseline -0.012 -15"><span class='ocrx_word' id='word_1_156' title='bbox 240 1839 266 1890; x_wconf 89' lang='lat' dir='ltr'><strong>ni</strong></span> <span class='ocrx_word' id='word_1_157' title='bbox 279 1837 383 1890; x_wconf 79' lang='lat' dir='ltr'><strong>destrin</strong></span> <span class='ocrx_word' id='word_1_158' title='bbox 405 1833 633 1903; x_wconf 86' lang='lat' dir='ltr'><strong>epraeferebant,</strong></span> <span class='ocrx_word' id='word_1_159' title='bbox 658 1833 690 1885; x_wconf 86' lang='lat' dir='ltr'><strong>iis</strong></span> <span class='ocrx_word' id='word_1_160' title='bbox 712 1835 822 1903; x_wconf 89' lang='lat' dir='ltr'><strong>primum</strong></span> <span class='ocrx_word' id='word_1_161' title='bbox 841 1836 988 1888; x_wconf 88' lang='lat' dir='ltr'><strong>docendum</strong></span> <span class='ocrx_word' id='word_1_162' title='bbox 1008 1845 1081 1900; x_wconf 86' lang='lat' dir='ltr'><strong>erat,</strong></span> <span class='ocrx_word' id='word_1_163' title='bbox 1106 1836 1260 1906; x_wconf 77' lang='lat' dir='ltr'><strong>destringere</strong></span> <span class='ocrx_word' id='word_1_164' title='bbox 1269 1829 1302 1880; x_wconf 71' lang='lat' dir='ltr'><strong>eii</strong></span> 
     </span>
     <span class='ocr_line' id='line_1_18' title="bbox 221 1858 1302 1986; baseline -0.006 -26"><span class='ocrx_word' id='word_1_165' title='bbox 221 1858 255 1960; x_wconf 82' lang='lat' dir='ltr'><strong>de</strong></span> <span class='ocrx_word' id='word_1_166' title='bbox 268 1908 374 1958; x_wconf 82' lang='lat' dir='ltr'><strong>euleren</strong></span> <span class='ocrx_word' id='word_1_167' title='bbox 394 1922 410 1955; x_wconf 95' lang='lat' dir='ltr'><strong>o</strong></span> <span class='ocrx_word' id='word_1_168' title='bbox 426 1902 539 1954; x_wconf 84' lang='lat' dir='ltr'><strong>surculo.</strong></span> <span class='ocrx_word' id='word_1_169' title='bbox 574 1906 774 1974; x_wconf 69' lang='lat' dir='ltr'><strong>restringere,</strong></span> <span class='ocrx_word' id='word_1_170' title='bbox 792 1905 981 1986; x_wconf 69' lang='lat' dir='ltr'><strong>destringere,</strong></span> <span class='ocrx_word' id='word_1_171' title='bbox 1005 1923 1038 1956; x_wconf 83' lang='lat' dir='ltr'><strong>ex</strong></span> <span class='ocrx_word' id='word_1_172' title='bbox 1053 1923 1102 1958; x_wconf 82' lang='lat' dir='ltr'><strong>usu</strong></span> <span class='ocrx_word' id='word_1_173' title='bbox 1115 1904 1236 1958; x_wconf 71' lang='lat' dir='ltr'><strong>constanti</strong></span> <span class='ocrx_word' id='word_1_174' title='bbox 1246 1902 1302 1950; x_wconf 76' lang='lat' dir='ltr'><strong>rdet:</strong></span> 
     </span>
     <span class='ocr_line' id='line_1_19' title="bbox 221 1971 1301 2044; baseline -0.009 -14"><span class='ocrx_word' id='word_1_175' title='bbox 221 1977 326 2038; x_wconf 84' lang='lat' dir='ltr'><strong>lolia,</strong></span> <span class='ocrx_word' id='word_1_176' title='bbox 350 1973 501 2036; x_wconf 75' lang='lat' dir='ltr'><strong>fructus,</strong></span> <span class='ocrx_word' id='word_1_177' title='bbox 527 1972 740 2042; x_wconf 86' lang='lat' dir='ltr'><strong>decerpere,</strong></span> <span class='ocrx_word' id='word_1_178' title='bbox 764 1984 819 2026; x_wconf 86' lang='lat' dir='ltr'><strong>tum</strong></span> <span class='ocrx_word' id='word_1_179' title='bbox 838 1992 944 2028; x_wconf 84' lang='lat' dir='ltr'><strong>omniuo</strong></span> <span class='ocrx_word' id='word_1_180' title='bbox 972 1975 1120 2028; x_wconf 77' lang='lat' dir='ltr'><strong>auferre</strong></span> <span class='ocrx_word' id='word_1_181' title='bbox 1145 1971 1301 2044; x_wconf 83' lang='lat' dir='ltr'><strong>aliquiddr</strong></span> 
     </span>
     <span class='ocr_line' id='line_1_20' title="bbox 221 2037 1303 2115; baseline -0.005 -18"><span class='ocrx_word' id='word_1_182' title='bbox 221 2041 433 2115; x_wconf 82' lang='lat' dir='ltr'><strong>superlicie3</strong></span> <span class='ocrx_word' id='word_1_183' title='bbox 457 2052 575 2094; x_wconf 83' lang='lat' dir='ltr'><strong>nostrum</strong></span> <span class='ocrx_word' id='word_1_184' title='bbox 590 2039 753 2112; x_wconf 83' lang='lat' dir='ltr'><strong>abstreiserr,</strong></span> <span class='ocrx_word' id='word_1_185' title='bbox 779 2041 923 2094; x_wconf 79' lang='lat' dir='ltr'><strong>ablnnbert.</strong></span> <span class='ocrx_word' id='word_1_186' title='bbox 958 2048 994 2096; x_wconf 78' lang='lat' dir='ltr'><strong>nt</strong></span> <span class='ocrx_word' id='word_1_187' title='bbox 1009 2055 1091 2114; x_wconf 82' lang='lat' dir='ltr'><strong>negat</strong></span> <span class='ocrx_word' id='word_1_188' title='bbox 1103 2043 1209 2095; x_wconf 80' lang='lat' dir='ltr'><strong>Vossius</strong></span> <span class='ocrx_word' id='word_1_189' title='bbox 1225 2037 1303 2105; x_wconf 65' lang='lat' dir='ltr'><strong>delrintl</strong></span> 
     </span>
     <span class='ocr_line' id='line_1_21' title="bbox 221 2109 1303 2182; baseline -0.008 -14"><span class='ocrx_word' id='word_1_190' title='bbox 221 2115 353 2177; x_wconf 85' lang='lat' dir='ltr'><strong>surculos,</strong></span> <span class='ocrx_word' id='word_1_191' title='bbox 371 2113 418 2164; x_wconf 86' lang='lat' dir='ltr'><strong>sed</strong></span> <span class='ocrx_word' id='word_1_192' title='bbox 432 2111 559 2174; x_wconf 78' lang='lat' dir='ltr'><strong>resecari3</strong></span> <span class='ocrx_word' id='word_1_193' title='bbox 583 2109 644 2162; x_wconf 89' lang='lat' dir='ltr'><strong>hinc</strong></span> <span class='ocrx_word' id='word_1_194' title='bbox 663 2112 806 2182; x_wconf 81' lang='lat' dir='ltr'><strong>destringe</strong></span> <span class='ocrx_word' id='word_1_195' title='bbox 823 2112 961 2182; x_wconf 75' lang='lat' dir='ltr'><strong>genuinam</strong></span> <span class='ocrx_word' id='word_1_196' title='bbox 984 2131 1042 2164; x_wconf 86' lang='lat' dir='ltr'><strong>esse</strong></span> <span class='ocrx_word' id='word_1_197' title='bbox 1062 2113 1209 2165; x_wconf 87' lang='lat' dir='ltr'><strong>lectionem.</strong></span> <span class='ocrx_word' id='word_1_198' title='bbox 1237 2113 1303 2162; x_wconf 68' lang='lat' dir='ltr'><strong>reni</strong></span> 
     </span>
     <span class='ocr_line' id='line_1_22' title="bbox 221 2180 1303 2256; baseline -0.006 -19"><span class='ocrx_word' id='word_1_199' title='bbox 221 2193 312 2256; x_wconf 78' lang='lat' dir='ltr'><strong>aperte</strong></span> <span class='ocrx_word' id='word_1_200' title='bbox 327 2191 496 2252; x_wconf 89' lang='lat' dir='ltr'><strong>opponuntur</strong></span> <span class='ocrx_word' id='word_1_201' title='bbox 509 2180 681 2252; x_wconf 79' lang='lat' dir='ltr'><strong>obstringere</strong></span> <span class='ocrx_word' id='word_1_202' title='bbox 697 2190 724 2232; x_wconf 90' lang='lat' dir='ltr'><strong>et</strong></span> <span class='ocrx_word' id='word_1_203' title='bbox 732 2180 816 2251; x_wconf 83' lang='lat' dir='ltr'><strong>serre</strong></span> <span class='ocrx_word' id='word_1_204' title='bbox 833 2195 978 2254; x_wconf 83' lang='lat' dir='ltr'><strong>amputare</strong></span> <span class='ocrx_word' id='word_1_205' title='bbox 992 2183 1063 2252; x_wconf 87' lang='lat' dir='ltr'><strong>apud</strong></span> <span class='ocrx_word' id='word_1_206' title='bbox 1077 2183 1175 2234; x_wconf 86' lang='lat' dir='ltr'><strong>Colum.</strong></span> <span class='ocrx_word' id='word_1_207' title='bbox 1190 2181 1303 2248; x_wconf 74' lang='lat' dir='ltr'><strong>v,6.17.:</strong></span> 
     </span>
     <span class='ocr_line' id='line_1_23' title="bbox 221 2249 1304 2324; baseline -0.001 -21"><span class='ocrx_word' id='word_1_208' title='bbox 221 2251 366 2324; x_wconf 83' lang='lat' dir='ltr'><strong>„quidquid</strong></span> <span class='ocrx_word' id='word_1_209' title='bbox 386 2250 489 2302; x_wconf 79' lang='lat' dir='ltr'><strong>frondis</strong></span> <span class='ocrx_word' id='word_1_210' title='bbox 515 2260 619 2302; x_wconf 86' lang='lat' dir='ltr'><strong>enatum</strong></span> <span class='ocrx_word' id='word_1_211' title='bbox 635 2249 730 2314; x_wconf 81' lang='lat' dir='ltr'><strong>inerit,</strong></span> <span class='ocrx_word' id='word_1_212' title='bbox 754 2249 862 2302; x_wconf 85' lang='lat' dir='ltr'><strong>alteruis</strong></span> <span class='ocrx_word' id='word_1_213' title='bbox 879 2251 953 2302; x_wconf 91' lang='lat' dir='ltr'><strong>annis</strong></span> <span class='ocrx_word' id='word_1_214' title='bbox 973 2263 1020 2304; x_wconf 85' lang='lat' dir='ltr'><strong>aut</strong></span> <span class='ocrx_word' id='word_1_215' title='bbox 1035 2253 1133 2304; x_wconf 80' lang='lat' dir='ltr'><strong>ferro</strong></span> <span class='ocrx_word' id='word_1_216' title='bbox 1151 2263 1304 2322; x_wconf 73' lang='lat' dir='ltr'><strong>amputare</strong></span> 
     </span>
     <span class='ocr_line' id='line_1_24' title="bbox 220 2315 1304 2392; baseline -0.008 -15"><span class='ocrx_word' id='word_1_217' title='bbox 220 2335 266 2378; x_wconf 86' lang='lat' dir='ltr'><strong>aut</strong></span> <span class='ocrx_word' id='word_1_218' title='bbox 283 2320 502 2388; x_wconf 72' lang='lat' dir='ltr'><strong>astringere,</strong></span> <span class='ocrx_word' id='word_1_219' title='bbox 527 2337 561 2370; x_wconf 88' lang='lat' dir='ltr'><strong>ne</strong></span> <span class='ocrx_word' id='word_1_220' title='bbox 580 2319 660 2370; x_wconf 86' lang='lat' dir='ltr'><strong>nimia</strong></span> <span class='ocrx_word' id='word_1_221' title='bbox 682 2319 774 2372; x_wconf 86' lang='lat' dir='ltr'><strong>umbra</strong></span> <span class='ocrx_word' id='word_1_222' title='bbox 794 2319 842 2371; x_wconf 81' lang='lat' dir='ltr'><strong>viti</strong></span> <span class='ocrx_word' id='word_1_223' title='bbox 858 2323 979 2373; x_wconf 86' lang='lat' dir='ltr'><strong>noeest.“</strong></span> <span class='ocrx_word' id='word_1_224' title='bbox 1014 2325 1180 2392; x_wconf 82' lang='lat' dir='ltr'><strong>Astringere</strong></span> <span class='ocrx_word' id='word_1_225' title='bbox 1196 2315 1304 2372; x_wconf 74' lang='lat' dir='ltr'><strong>enimlsl</strong></span> 
     </span>
     <span class='ocr_line' id='line_1_25' title="bbox 219 2383 1304 2460; baseline -0.007 -14"><span class='ocrx_word' id='word_1_226' title='bbox 219 2411 273 2446; x_wconf 89' lang='lat' dir='ltr'><strong>non</strong></span> <span class='ocrx_word' id='word_1_227' title='bbox 287 2410 344 2444; x_wconf 82' lang='lat' dir='ltr'><strong>esse</strong></span> <span class='ocrx_word' id='word_1_228' title='bbox 360 2391 378 2446; x_wconf 86' lang='lat' dir='ltr'><strong>i.</strong></span> <span class='ocrx_word' id='word_1_229' title='bbox 393 2407 420 2460; x_wconf 82' lang='lat' dir='ltr'><strong>q.</strong></span> <span class='ocrx_word' id='word_1_230' title='bbox 438 2391 627 2460; x_wconf 75' lang='lat' dir='ltr'><strong>adstringere,</strong></span> <span class='ocrx_word' id='word_1_231' title='bbox 644 2397 674 2440; x_wconf 90' lang='lat' dir='ltr'><strong>ut</strong></span> <span class='ocrx_word' id='word_1_232' title='bbox 689 2390 796 2441; x_wconf 81' lang='lat' dir='ltr'><strong>Gesner.</strong></span> <span class='ocrx_word' id='word_1_233' title='bbox 811 2389 840 2442; x_wconf 87' lang='lat' dir='ltr'><strong>in</strong></span> <span class='ocrx_word' id='word_1_234' title='bbox 856 2389 994 2442; x_wconf 84' lang='lat' dir='ltr'><strong>Thesauro</strong></span> <span class='ocrx_word' id='word_1_235' title='bbox 1010 2403 1143 2456; x_wconf 84' lang='lat' dir='ltr'><strong>autumat,</strong></span> <span class='ocrx_word' id='word_1_236' title='bbox 1160 2391 1205 2444; x_wconf 86' lang='lat' dir='ltr'><strong>sed</strong></span> <span class='ocrx_word' id='word_1_237' title='bbox 1216 2391 1232 2442; x_wconf 88' lang='lat' dir='ltr'><strong>i.</strong></span> <span class='ocrx_word' id='word_1_238' title='bbox 1242 2407 1261 2458; x_wconf 83' lang='lat' dir='ltr'><strong>q.</strong></span> <span class='ocrx_word' id='word_1_239' title='bbox 1272 2383 1304 2438; x_wconf 77' lang='lat' dir='ltr'><strong>sl·</strong></span> 
     </span>
     <span class='ocr_line' id='line_1_26' title="bbox 220 2453 1305 2534; baseline -0.011 -17"><span class='ocrx_word' id='word_1_240' title='bbox 220 2466 373 2534; x_wconf 80' lang='lat' dir='ltr'><strong>stringere,</strong></span> <span class='ocrx_word' id='word_1_241' title='bbox 400 2477 432 2511; x_wconf 87' lang='lat' dir='ltr'><strong>ex</strong></span> <span class='ocrx_word' id='word_1_242' title='bbox 446 2459 504 2528; x_wconf 87' lang='lat' dir='ltr'><strong>ipsa</strong></span> <span class='ocrx_word' id='word_1_243' title='bbox 522 2459 661 2510; x_wconf 82' lang='lat' dir='ltr'><strong>verborum</strong></span> <span class='ocrx_word' id='word_1_244' title='bbox 676 2457 851 2512; x_wconf 88' lang='lat' dir='ltr'><strong>collocatione</strong></span> <span class='ocrx_word' id='word_1_245' title='bbox 870 2460 1039 2529; x_wconf 85' lang='lat' dir='ltr'><strong>perspicitur.</strong></span> <span class='ocrx_word' id='word_1_246' title='bbox 1075 2463 1144 2514; x_wconf 78' lang='lat' dir='ltr'><strong>Nem</strong></span> <span class='ocrx_word' id='word_1_247' title='bbox 1168 2453 1305 2520; x_wconf 68' lang='lat' dir='ltr'><strong>adstringi</strong></span> 
     </span>
     <span class='ocr_line' id='line_1_27' title="bbox 219 2525 1304 2600; baseline -0.011 -15"><span class='ocrx_word' id='word_1_248' title='bbox 219 2533 370 2585; x_wconf 76' lang='lat' dir='ltr'><strong>frondes</strong></span> <span class='ocrx_word' id='word_1_249' title='bbox 387 2529 457 2580; x_wconf 88' lang='lat' dir='ltr'><strong>nulla</strong></span> <span class='ocrx_word' id='word_1_250' title='bbox 471 2546 548 2580; x_wconf 87' lang='lat' dir='ltr'><strong>causa</strong></span> <span class='ocrx_word' id='word_1_251' title='bbox 563 2537 603 2578; x_wconf 80' lang='lat' dir='ltr'><strong>eet</strong></span> <span class='ocrx_word' id='word_1_252' title='bbox 619 2545 699 2596; x_wconf 86' lang='lat' dir='ltr'><strong>quare</strong></span> <span class='ocrx_word' id='word_1_253' title='bbox 713 2545 767 2579; x_wconf 90' lang='lat' dir='ltr'><strong>non</strong></span> <span class='ocrx_word' id='word_1_254' title='bbox 780 2527 889 2598; x_wconf 82' lang='lat' dir='ltr'><strong>singulis</strong></span> <span class='ocrx_word' id='word_1_255' title='bbox 903 2529 997 2600; x_wconf 86' lang='lat' dir='ltr'><strong>quibus</strong></span> <span class='ocrx_word' id='word_1_256' title='bbox 1016 2548 1049 2581; x_wconf 93' lang='lat' dir='ltr'><strong>ue</strong></span> <span class='ocrx_word' id='word_1_257' title='bbox 1060 2531 1149 2595; x_wconf 84' lang='lat' dir='ltr'><strong>annis,</strong></span> <span class='ocrx_word' id='word_1_258' title='bbox 1166 2531 1209 2582; x_wconf 85' lang='lat' dir='ltr'><strong>sed</strong></span> <span class='ocrx_word' id='word_1_259' title='bbox 1223 2525 1304 2580; x_wconf 66' lang='lat' dir='ltr'><strong>dreni«,</strong></span> 
     </span>
     <span class='ocr_line' id='line_1_28' title="bbox 219 2595 1304 2668; baseline -0.007 -14"><span class='ocrx_word' id='word_1_260' title='bbox 219 2602 335 2654; x_wconf 82' lang='lat' dir='ltr'><strong>voluerit</strong></span> <span class='ocrx_word' id='word_1_261' title='bbox 348 2597 499 2652; x_wconf 84' lang='lat' dir='ltr'><strong>Columella.</strong></span> <span class='ocrx_word' id='word_1_262' title='bbox 534 2597 631 2648; x_wconf 84' lang='lat' dir='ltr'><strong>Contra</strong></span> <span class='ocrx_word' id='word_1_263' title='bbox 649 2595 777 2668; x_wconf 80' lang='lat' dir='ltr'><strong>defringe</strong></span> <span class='ocrx_word' id='word_1_264' title='bbox 791 2597 942 2650; x_wconf 85' lang='lat' dir='ltr'><strong>defenditur</strong></span> <span class='ocrx_word' id='word_1_265' title='bbox 957 2618 1003 2652; x_wconf 85' lang='lat' dir='ltr'><strong>rer</strong></span> <span class='ocrx_word' id='word_1_266' title='bbox 1024 2600 1030 2612; x_wconf 91' lang='lat'>&#39;</span> <span class='ocrx_word' id='word_1_267' title='bbox 1063 2601 1191 2652; x_wconf 82' lang='lat' dir='ltr'><strong>Varronis</strong></span> <span class='ocrx_word' id='word_1_268' title='bbox 1208 2599 1236 2650; x_wconf 79' lang='lat' dir='ltr'><strong>rh</strong></span> <span class='ocrx_word' id='word_1_269' title='bbox 1247 2597 1304 2662; x_wconf 72' lang='lat' dir='ltr'><strong>liert</strong></span> 
     </span>
     <span class='ocr_line' id='line_1_29' title="bbox 218 2666 1303 2738; baseline -0.01 -15"><span class='ocrx_word' id='word_1_270' title='bbox 218 2671 290 2724; x_wconf 77' lang='lat' dir='ltr'><strong>laud.</strong></span> <span class='ocrx_word' id='word_1_271' title='bbox 324 2672 397 2722; x_wconf 78' lang='lat' dir='ltr'><strong>ilaec</strong></span> <span class='ocrx_word' id='word_1_272' title='bbox 418 2666 530 2720; x_wconf 81' lang='lat' dir='ltr'><strong>enimsi</strong></span> <span class='ocrx_word' id='word_1_273' title='bbox 554 2676 677 2736; x_wconf 72' lang='lat' dir='ltr'><strong>tauquam</strong></span> <span class='ocrx_word' id='word_1_274' title='bbox 697 2667 828 2720; x_wconf 76' lang='lat' dir='ltr'><strong>contraria</strong></span> <span class='ocrx_word' id='word_1_275' title='bbox 850 2685 949 2738; x_wconf 86' lang='lat' dir='ltr'><strong>ponere</strong></span> <span class='ocrx_word' id='word_1_276' title='bbox 966 2669 1095 2720; x_wconf 79' lang='lat' dir='ltr'><strong>voluisset</strong></span> <span class='ocrx_word' id='word_1_277' title='bbox 1118 2673 1216 2721; x_wconf 87' lang='lat' dir='ltr'><strong>Varro:</strong></span> <span class='ocrx_word' id='word_1_278' title='bbox 1240 2679 1303 2716; x_wconf 73' lang='lat' dir='ltr'><strong>nint</strong></span> 
     </span>
     <span class='ocr_line' id='line_1_30' title="bbox 219 2737 1303 2810; baseline -0.006 -17"><span class='ocrx_word' id='word_1_279' title='bbox 219 2743 386 2808; x_wconf 76' lang='lat' dir='ltr'><strong>frangere</strong></span> <span class='ocrx_word' id='word_1_280' title='bbox 407 2747 434 2788; x_wconf 90' lang='lat' dir='ltr'><strong>et</strong></span> <span class='ocrx_word' id='word_1_281' title='bbox 451 2738 548 2788; x_wconf 80' lang='lat' dir='ltr'><strong>ferro</strong></span> <span class='ocrx_word' id='word_1_282' title='bbox 565 2753 753 2788; x_wconf 85' lang='lat' dir='ltr'><strong>resecare:</strong></span> <span class='ocrx_word' id='word_1_283' title='bbox 781 2753 836 2790; x_wconf 90' lang='lat' dir='ltr'><strong>non</strong></span> <span class='ocrx_word' id='word_1_284' title='bbox 856 2755 917 2788; x_wconf 85' lang='lat' dir='ltr'><strong>usus</strong></span> <span class='ocrx_word' id='word_1_285' title='bbox 939 2747 1009 2790; x_wconf 81' lang='lat' dir='ltr'><strong>esset</strong></span> <span class='ocrx_word' id='word_1_286' title='bbox 1027 2737 1303 2810; x_wconf 75' lang='lat' dir='ltr'><strong>deplantnndirtr·</strong></span> 
     </span>
     <span class='ocr_line' id='line_1_31' title="bbox 219 2803 1302 2879; baseline -0.009 -17"><span class='ocrx_word' id='word_1_287' title='bbox 219 2811 273 2874; x_wconf 91' lang='lat' dir='ltr'><strong>bo,</strong></span> <span class='ocrx_word' id='word_1_288' title='bbox 290 2809 361 2879; x_wconf 89' lang='lat' dir='ltr'><strong>quod</strong></span> <span class='ocrx_word' id='word_1_289' title='bbox 375 2808 397 2858; x_wconf 86' lang='lat' dir='ltr'><strong>si</strong></span> <span class='ocrx_word' id='word_1_290' title='bbox 411 2807 482 2858; x_wconf 80' lang='lat' dir='ltr'><strong>forte</strong></span> <span class='ocrx_word' id='word_1_291' title='bbox 495 2823 549 2858; x_wconf 92' lang='lat' dir='ltr'><strong>non</strong></span> <span class='ocrx_word' id='word_1_292' title='bbox 562 2803 692 2868; x_wconf 83' lang='lat' dir='ltr'><strong>excludit,</strong></span> <span class='ocrx_word' id='word_1_293' title='bbox 710 2815 782 2856; x_wconf 87' lang='lat' dir='ltr'><strong>certe</strong></span> <span class='ocrx_word' id='word_1_294' title='bbox 795 2823 847 2858; x_wconf 91' lang='lat' dir='ltr'><strong>uon</strong></span> <span class='ocrx_word' id='word_1_295' title='bbox 859 2807 966 2876; x_wconf 88' lang='lat' dir='ltr'><strong>proprie</strong></span> <span class='ocrx_word' id='word_1_296' title='bbox 982 2807 1132 2859; x_wconf 87' lang='lat' dir='ltr'><strong>adiunctam</strong></span> <span class='ocrx_word' id='word_1_297' title='bbox 1145 2809 1221 2860; x_wconf 80' lang='lat' dir='ltr'><strong>habet</strong></span> <span class='ocrx_word' id='word_1_298' title='bbox 1236 2807 1302 2855; x_wconf 76' lang='lat' dir='ltr'><strong>ferro</strong></span> 
     </span>
     <span class='ocr_line' id='line_1_32' title="bbox 219 2873 1303 2940; baseline -0.005 -9"><span class='ocrx_word' id='word_1_299' title='bbox 219 2873 428 2931; x_wconf 86' lang='lat' dir='ltr'><strong>abscidendi</strong></span> <span class='ocrx_word' id='word_1_300' title='bbox 445 2875 594 2938; x_wconf 90' lang='lat' dir='ltr'><strong>notionem,</strong></span> <span class='ocrx_word' id='word_1_301' title='bbox 613 2891 651 2938; x_wconf 87' lang='lat' dir='ltr'><strong>ac,</strong></span> <span class='ocrx_word' id='word_1_302' title='bbox 669 2873 720 2926; x_wconf 86' lang='lat' dir='ltr'><strong>nisi</strong></span> <span class='ocrx_word' id='word_1_303' title='bbox 735 2873 822 2940; x_wconf 83' lang='lat' dir='ltr'><strong>fallor,</strong></span> <span class='ocrx_word' id='word_1_304' title='bbox 841 2877 946 2928; x_wconf 88' lang='lat' dir='ltr'><strong>omniuo</strong></span> <span class='ocrx_word' id='word_1_305' title='bbox 961 2893 1018 2928; x_wconf 86' lang='lat' dir='ltr'><strong>eam</strong></span> <span class='ocrx_word' id='word_1_306' title='bbox 1031 2878 1171 2930; x_wconf 80' lang='lat' dir='ltr'><strong>auferendi</strong></span> <span class='ocrx_word' id='word_1_307' title='bbox 1186 2873 1264 2928; x_wconf 81' lang='lat' dir='ltr'><strong>surculi</strong></span> <span class='ocrx_word' id='word_1_308' title='bbox 1275 2889 1303 2920; x_wconf 61' lang='lat' dir='ltr'><strong>rr</strong></span> 
     </span>
     <span class='ocr_line' id='line_1_33' title="bbox 217 2939 1304 3014; baseline -0.006 -13"><span class='ocrx_word' id='word_1_309' title='bbox 217 2949 319 3001; x_wconf 86' lang='lat' dir='ltr'><strong>tionem</strong></span> <span class='ocrx_word' id='word_1_310' title='bbox 336 2947 461 3010; x_wconf 86' lang='lat' dir='ltr'><strong>denotat,</strong></span> <span class='ocrx_word' id='word_1_311' title='bbox 485 2963 535 3014; x_wconf 83' lang='lat' dir='ltr'><strong>qua</strong></span> <span class='ocrx_word' id='word_1_312' title='bbox 557 2954 679 3008; x_wconf 82' lang='lat' dir='ltr'><strong>cavetur,</strong></span> <span class='ocrx_word' id='word_1_313' title='bbox 703 2961 738 2996; x_wconf 89' lang='lat' dir='ltr'><strong>ue</strong></span> <span class='ocrx_word' id='word_1_314' title='bbox 756 2945 836 2996; x_wconf 88' lang='lat' dir='ltr'><strong>arbor</strong></span> <span class='ocrx_word' id='word_1_315' title='bbox 853 2945 911 3014; x_wconf 84' lang='lat' dir='ltr'><strong>ipss</strong></span> <span class='ocrx_word' id='word_1_316' title='bbox 929 2955 957 2997; x_wconf 89' lang='lat' dir='ltr'><strong>et</strong></span> <span class='ocrx_word' id='word_1_317' title='bbox 976 2955 1069 2998; x_wconf 82' lang='lat' dir='ltr'><strong>cortex</strong></span> <span class='ocrx_word' id='word_1_318' title='bbox 1088 2947 1224 2999; x_wconf 69' lang='lat' dir='ltr'><strong>violentior</strong></span> <span class='ocrx_word' id='word_1_319' title='bbox 1241 2939 1304 2994; x_wconf 74' lang='lat' dir='ltr'><strong>hedi·</strong></span> 
     </span>
    </p>
   </div>
   <div class='ocr_carea' id='block_1_4' title="bbox 127 3083 1313 4534">
    <p class='ocr_par' dir='ltr' id='par_1_5' title="bbox 127 3083 1313 4534">
     <span class='ocr_line' id='line_1_34' title="bbox 218 3083 1305 3167; baseline -0.009 -17"><span class='ocrx_word' id='word_1_320' title='bbox 218 3109 314 3150; x_wconf 90' lang='lat' dir='ltr'><strong>unnm</strong></span> <span class='ocrx_word' id='word_1_321' title='bbox 338 3088 479 3166; x_wconf 82' lang='lat' dir='ltr'><strong>idemque</strong></span> <span class='ocrx_word' id='word_1_322' title='bbox 505 3094 571 3160; x_wconf 86' lang='lat' dir='ltr'><strong>est,</strong></span> <span class='ocrx_word' id='word_1_323' title='bbox 609 3093 663 3144; x_wconf 87' lang='lat' dir='ltr'><strong>ant</strong></span> <span class='ocrx_word' id='word_1_324' title='bbox 689 3093 761 3144; x_wconf 83' lang='lat' dir='ltr'><strong>sunt</strong></span> <span class='ocrx_word' id='word_1_325' title='bbox 802 3083 885 3146; x_wconf 82' lang='lat' dir='ltr'><strong>culos</strong></span> <span class='ocrx_word' id='word_1_326' title='bbox 902 3105 940 3145; x_wconf 83' lang='lat' dir='ltr'><strong>ex</strong></span> <span class='ocrx_word' id='word_1_327' title='bbox 954 3107 1071 3147; x_wconf 77' lang='lat' dir='ltr'><strong>summe</strong></span> <span class='ocrx_word' id='word_1_328' title='bbox 1089 3087 1161 3150; x_wconf 82' lang='lat' dir='ltr'><strong>vitis</strong></span> <span class='ocrx_word' id='word_1_329' title='bbox 1182 3095 1305 3167; x_wconf 77' lang='lat' dir='ltr'><strong>partensi</strong></span> 
     </span>
     <span class='ocr_line' id='line_1_35' title="bbox 219 3167 1305 3252; baseline -0.008 -17"><span class='ocrx_word' id='word_1_330' title='bbox 219 3175 281 3235; x_wconf 91' lang='lat' dir='ltr'><strong>duo</strong></span> <span class='ocrx_word' id='word_1_331' title='bbox 297 3174 424 3234; x_wconf 85' lang='lat' dir='ltr'><strong>diverse.</strong></span> <span class='ocrx_word' id='word_1_332' title='bbox 451 3171 483 3231; x_wconf 86' lang='lat' dir='ltr'><strong>Si</strong></span> <span class='ocrx_word' id='word_1_333' title='bbox 496 3181 660 3248; x_wconf 79' lang='lat' dir='ltr'><strong>unumque</strong></span> <span class='ocrx_word' id='word_1_334' title='bbox 671 3189 760 3249; x_wconf 86' lang='lat' dir='ltr'><strong>prse-</strong></span> <span class='ocrx_word' id='word_1_335' title='bbox 801 3189 864 3230; x_wconf 83' lang='lat' dir='ltr'><strong>esee</strong></span> <span class='ocrx_word' id='word_1_336' title='bbox 885 3171 1045 3252; x_wconf 81' lang='lat' dir='ltr'><strong>petendos:</strong></span> <span class='ocrx_word' id='word_1_337' title='bbox 1082 3187 1137 3234; x_wconf 79' lang='lat' dir='ltr'><strong>aru</strong></span> <span class='ocrx_word' id='word_1_338' title='bbox 1155 3178 1246 3246; x_wconf 87' lang='lat' dir='ltr'><strong>(nnnc</strong></span> <span class='ocrx_word' id='word_1_339' title='bbox 1267 3167 1305 3226; x_wconf 75' lang='lat' dir='ltr'><strong>eii</strong></span> 
     </span>
     <span class='ocr_line' id='line_1_36' title="bbox 219 3254 1304 3342; baseline -0.01 -22"><span class='ocrx_word' id='word_1_340' title='bbox 219 3269 341 3342; x_wconf 86' lang='lat' dir='ltr'><strong>ceptum</strong></span> <span class='ocrx_word' id='word_1_341' title='bbox 362 3257 488 3318; x_wconf 78' lang='lat' dir='ltr'><strong>eandem</strong></span> <span class='ocrx_word' id='word_1_342' title='bbox 515 3275 580 3316; x_wconf 87' lang='lat' dir='ltr'><strong>rem</strong></span> <span class='ocrx_word' id='word_1_343' title='bbox 608 3255 759 3316; x_wconf 80' lang='lat' dir='ltr'><strong>declarat:</strong></span> <span class='ocrx_word' id='word_1_344' title='bbox 800 3277 856 3338; x_wconf 87' lang='lat' dir='ltr'><strong>pro</strong></span> <span class='ocrx_word' id='word_1_345' title='bbox 869 3254 935 3337; x_wconf 83' lang='lat' dir='ltr'><strong>nec)</strong></span> <span class='ocrx_word' id='word_1_346' title='bbox 949 3279 1069 3316; x_wconf 76' lang='lat' dir='ltr'><strong>senuna</strong></span> <span class='ocrx_word' id='word_1_347' title='bbox 1082 3259 1304 3338; x_wconf 58' lang='lat' dir='ltr'><strong>&amp;renigresc-</strong></span> 
     </span>
     <span class='ocr_line' id='line_1_37' title="bbox 217 3341 1313 3424; baseline -0.007 -18"><span class='ocrx_word' id='word_1_348' title='bbox 217 3347 377 3424; x_wconf 88' lang='lat' dir='ltr'><strong>surculos,</strong></span> <span class='ocrx_word' id='word_1_349' title='bbox 411 3364 488 3422; x_wconf 91' lang='lat' dir='ltr'><strong>quos</strong></span> <span class='ocrx_word' id='word_1_350' title='bbox 518 3341 647 3420; x_wconf 76' lang='lat' dir='ltr'><strong>defigere</strong></span> <span class='ocrx_word' id='word_1_351' title='bbox 670 3341 757 3418; x_wconf 81' lang='lat' dir='ltr'><strong>velis,</strong></span> <span class='ocrx_word' id='word_1_352' title='bbox 800 3341 1022 3419; x_wconf 75' lang='lat' dir='ltr'><strong>boreplantns5</strong></span> <span class='ocrx_word' id='word_1_353' title='bbox 1045 3343 1189 3404; x_wconf 82' lang='lat' dir='ltr'><strong>altemm:</strong></span> <span class='ocrx_word' id='word_1_354' title='bbox 1205 3343 1313 3423; x_wconf 53' lang='lat' dir='ltr'><strong>ipsius,</strong></span> 
     </span>
     <span class='ocr_line' id='line_1_38' title="bbox 217 3427 1303 3510; baseline -0.007 -16"><span class='ocrx_word' id='word_1_355' title='bbox 217 3453 280 3494; x_wconf 88' lang='lat' dir='ltr'><strong>non</strong></span> <span class='ocrx_word' id='word_1_356' title='bbox 295 3451 334 3492; x_wconf 80' lang='lat' dir='ltr'><strong>ex</strong></span> <span class='ocrx_word' id='word_1_357' title='bbox 349 3429 502 3510; x_wconf 86' lang='lat' dir='ltr'><strong>superiore</strong></span> <span class='ocrx_word' id='word_1_358' title='bbox 516 3427 589 3490; x_wconf 88' lang='lat' dir='ltr'><strong>vitis</strong></span> <span class='ocrx_word' id='word_1_359' title='bbox 603 3435 688 3508; x_wconf 79' lang='lat' dir='ltr'><strong>parts</strong></span> <span class='ocrx_word' id='word_1_360' title='bbox 702 3446 759 3506; x_wconf 89' lang='lat' dir='ltr'><strong>po-</strong></span> <span class='ocrx_word' id='word_1_361' title='bbox 800 3427 992 3490; x_wconf 84' lang='lat' dir='ltr'><strong>snroulorum</strong></span> <span class='ocrx_word' id='word_1_362' title='bbox 1002 3439 1303 3510; x_wconf 67' lang='lat' dir='ltr'><strong>mmmcmpartmet</strong></span> 
     </span>
     <span class='ocr_line' id='line_1_39' title="bbox 217 3513 1303 3594; baseline -0.01 -15"><span class='ocrx_word' id='word_1_363' title='bbox 217 3519 327 3579; x_wconf 86' lang='lat' dir='ltr'><strong>tendes</strong></span> <span class='ocrx_word' id='word_1_364' title='bbox 354 3535 416 3576; x_wconf 83' lang='lat' dir='ltr'><strong>esse</strong></span> <span class='ocrx_word' id='word_1_365' title='bbox 439 3515 507 3574; x_wconf 78' lang='lat' dir='ltr'><strong>sit:</strong></span> <span class='ocrx_word' id='word_1_366' title='bbox 543 3513 650 3574; x_wconf 79' lang='lat' dir='ltr'><strong>melius</strong></span> <span class='ocrx_word' id='word_1_367' title='bbox 679 3513 758 3572; x_wconf 88' lang='lat' dir='ltr'><strong>enim</strong></span> <span class='ocrx_word' id='word_1_368' title='bbox 800 3513 1033 3593; x_wconf 82' lang='lat' dir='ltr'><strong>aspernandam:</strong></span> <span class='ocrx_word' id='word_1_369' title='bbox 1053 3537 1091 3574; x_wconf 85' lang='lat' dir='ltr'><strong>ne</strong></span> <span class='ocrx_word' id='word_1_370' title='bbox 1103 3515 1303 3594; x_wconf 75' lang='lat' dir='ltr'><strong>flagellemu-</strong></span> 
     </span>
     <span class='ocr_line' id='line_1_40' title="bbox 216 3597 1304 3687; baseline -0.008 -22"><span class='ocrx_word' id='word_1_371' title='bbox 216 3604 400 3687; x_wconf 84' lang='lat' dir='ltr'><strong>proveniunt</strong></span> <span class='ocrx_word' id='word_1_372' title='bbox 420 3597 549 3674; x_wconf 84' lang='lat' dir='ltr'><strong>surculi,</strong></span> <span class='ocrx_word' id='word_1_373' title='bbox 578 3618 616 3658; x_wconf 85' lang='lat' dir='ltr'><strong>ex</strong></span> <span class='ocrx_word' id='word_1_374' title='bbox 631 3597 757 3658; x_wconf 83' lang='lat' dir='ltr'><strong>inferio-</strong></span> <span class='ocrx_word' id='word_1_375' title='bbox 798 3619 851 3658; x_wconf 79' lang='lat' dir='ltr'><strong>nra</strong></span> <span class='ocrx_word' id='word_1_376' title='bbox 867 3611 957 3678; x_wconf 81' lang='lat' dir='ltr'><strong>pete,</strong></span> <span class='ocrx_word' id='word_1_377' title='bbox 995 3598 1027 3660; x_wconf 88' lang='lat' dir='ltr'><strong>h.</strong></span> <span class='ocrx_word' id='word_1_378' title='bbox 1054 3621 1199 3660; x_wconf 78' lang='lat' dir='ltr'><strong>mmmsm</strong></span> <span class='ocrx_word' id='word_1_379' title='bbox 1228 3611 1304 3656; x_wconf 74' lang='lat' dir='ltr'><strong>eurum</strong></span> 
     </span>
     <span class='ocr_line' id='line_1_41' title="bbox 216 3683 1302 3768; baseline -0.013 -16"><span class='ocrx_word' id='word_1_380' title='bbox 216 3693 301 3752; x_wconf 87' lang='lat' dir='ltr'><strong>ribns</strong></span> <span class='ocrx_word' id='word_1_381' title='bbox 315 3689 386 3750; x_wconf 86' lang='lat' dir='ltr'><strong>vitis</strong></span> <span class='ocrx_word' id='word_1_382' title='bbox 399 3686 535 3768; x_wconf 83' lang='lat' dir='ltr'><strong>partibus</strong></span> <span class='ocrx_word' id='word_1_383' title='bbox 547 3683 652 3744; x_wconf 82' lang='lat' dir='ltr'><strong>sumti:</strong></span> <span class='ocrx_word' id='word_1_384' title='bbox 672 3687 756 3744; x_wconf 80' lang='lat' dir='ltr'><strong>Tan-</strong></span> <span class='ocrx_word' id='word_1_385' title='bbox 797 3693 924 3764; x_wconf 86' lang='lat' dir='ltr'><strong>partem,</strong></span> <span class='ocrx_word' id='word_1_386' title='bbox 946 3706 1062 3746; x_wconf 77' lang='lat' dir='ltr'><strong>summu</strong></span> <span class='ocrx_word' id='word_1_387' title='bbox 1074 3687 1234 3760; x_wconf 71' lang='lat' dir='ltr'><strong>oneremini,</strong></span> <span class='ocrx_word' id='word_1_388' title='bbox 1250 3693 1302 3758; x_wconf 78' lang='lat' dir='ltr'><strong>qest</strong></span> 
     </span>
     <span class='ocr_line' id='line_1_42' title="bbox 217 3767 1301 3848; baseline -0.009 -12"><span class='ocrx_word' id='word_1_389' title='bbox 217 3790 265 3836; x_wconf 80' lang='lat' dir='ltr'><strong>tus</strong></span> <span class='ocrx_word' id='word_1_390' title='bbox 287 3797 374 3834; x_wconf 83' lang='lat' dir='ltr'><strong>amor</strong></span> <span class='ocrx_word' id='word_1_391' title='bbox 391 3785 500 3846; x_wconf 64' lang='lat' dir='ltr'><strong>ame,</strong></span> <span class='ocrx_word' id='word_1_392' title='bbox 538 3769 614 3830; x_wconf 89' lang='lat' dir='ltr'><strong>adeo</strong></span> <span class='ocrx_word' id='word_1_393' title='bbox 640 3789 756 3848; x_wconf 75' lang='lat' dir='ltr'><strong>magna,</strong></span> <span class='ocrx_word' id='word_1_394' title='bbox 798 3771 950 3830; x_wconf 86' lang='lat' dir='ltr'><strong>communi</strong></span> <span class='ocrx_word' id='word_1_395' title='bbox 972 3773 1138 3832; x_wconf 86' lang='lat' dir='ltr'><strong>vinitorum</strong></span> <span class='ocrx_word' id='word_1_396' title='bbox 1159 3791 1212 3832; x_wconf 84' lang='lat' dir='ltr'><strong>usn</strong></span> <span class='ocrx_word' id='word_1_397' title='bbox 1233 3767 1301 3826; x_wconf 71' lang='lat' dir='ltr'><strong>nint</strong></span> 
     </span>
     <span class='ocr_line' id='line_1_43' title="bbox 216 3854 1301 3936; baseline -0.006 -14"><span class='ocrx_word' id='word_1_398' title='bbox 216 3861 342 3932; x_wconf 77' lang='lat' dir='ltr'><strong>notabili</strong></span> <span class='ocrx_word' id='word_1_399' title='bbox 357 3859 456 3936; x_wconf 81' lang='lat' dir='ltr'><strong>aliquo</strong></span> <span class='ocrx_word' id='word_1_400' title='bbox 469 3854 684 3916; x_wconf 87' lang='lat' dir='ltr'><strong>consuetudine</strong></span> <span class='ocrx_word' id='word_1_401' title='bbox 698 3855 759 3916; x_wconf 89' lang='lat' dir='ltr'><strong>tel·</strong></span> <span class='ocrx_word' id='word_1_402' title='bbox 799 3855 893 3916; x_wconf 84' lang='lat' dir='ltr'><strong>recidi</strong></span> <span class='ocrx_word' id='word_1_403' title='bbox 905 3865 937 3915; x_wconf 88' lang='lat' dir='ltr'><strong>et</strong></span> <span class='ocrx_word' id='word_1_404' title='bbox 951 3857 1043 3934; x_wconf 73' lang='lat' dir='ltr'><strong>refici,</strong></span> <span class='ocrx_word' id='word_1_405' title='bbox 1064 3867 1212 3936; x_wconf 75' lang='lat' dir='ltr'><strong>timqmm</strong></span> <span class='ocrx_word' id='word_1_406' title='bbox 1224 3867 1301 3934; x_wconf 71' lang='lat' dir='ltr'><strong>perun</strong></span> 
     </span>
     <span class='ocr_line' id='line_1_44' title="bbox 127 3933 1300 4024; baseline -0.009 -17"><span class='ocrx_word' id='word_1_407' title='bbox 127 3968 131 3988; x_wconf 88' lang='grc'>·</span> <span class='ocrx_word' id='word_1_408' title='bbox 216 3947 291 4008; x_wconf 84' lang='lat' dir='ltr'><strong>luris</strong></span> <span class='ocrx_word' id='word_1_409' title='bbox 324 3953 467 4008; x_wconf 86' lang='lat' dir='ltr'><strong>tenentur</strong></span> <span class='ocrx_word' id='word_1_410' title='bbox 500 3941 568 4001; x_wconf 85' lang='lat' dir='ltr'><strong>illae</strong></span> <span class='ocrx_word' id='word_1_411' title='bbox 604 3941 759 4002; x_wconf 83' lang='lat' dir='ltr'><strong>inferiores</strong></span> <span class='ocrx_word' id='word_1_412' title='bbox 798 3941 901 4017; x_wconf 86' lang='lat' dir='ltr'><strong>firma,</strong></span> <span class='ocrx_word' id='word_1_413' title='bbox 923 3951 955 4002; x_wconf 91' lang='lat' dir='ltr'><strong>et</strong></span> <span class='ocrx_word' id='word_1_414' title='bbox 967 3942 1042 4004; x_wconf 88' lang='lat' dir='ltr'><strong>dum</strong></span> <span class='ocrx_word' id='word_1_415' title='bbox 1054 3945 1204 4024; x_wconf 77' lang='lat' dir='ltr'><strong>sponginss</strong></span> <span class='ocrx_word' id='word_1_416' title='bbox 1213 3933 1300 4002; x_wconf 67' lang='lat' dir='ltr'><strong>sotori</strong></span> 
     </span>
     <span class='ocr_line' id='line_1_45' title="bbox 216 4023 1300 4112; baseline -0.006 -20"><span class='ocrx_word' id='word_1_417' title='bbox 216 4043 334 4112; x_wconf 86' lang='lat' dir='ltr'><strong>partes,</strong></span> <span class='ocrx_word' id='word_1_418' title='bbox 360 4041 397 4092; x_wconf 90' lang='lat' dir='ltr'><strong>nt</strong></span> <span class='ocrx_word' id='word_1_419' title='bbox 417 4027 571 4090; x_wconf 83' lang='lat' dir='ltr'><strong>laetiorem</strong></span> <span class='ocrx_word' id='word_1_420' title='bbox 587 4027 758 4088; x_wconf 86' lang='lat' dir='ltr'><strong>ubertatem</strong></span> <span class='ocrx_word' id='word_1_421' title='bbox 798 4027 989 4088; x_wconf 82' lang='lat' dir='ltr'><strong>mollitudine</strong></span> <span class='ocrx_word' id='word_1_422' title='bbox 1010 4028 1165 4089; x_wconf 87' lang='lat' dir='ltr'><strong>humorem</strong></span> <span class='ocrx_word' id='word_1_423' title='bbox 1184 4023 1300 4086; x_wconf 67' lang='lat' dir='ltr'><strong>dnon-</strong></span> 
     </span>
     <span class='ocr_line' id='line_1_46' title="bbox 218 4103 1298 4196; baseline -0.004 -22"><span class='ocrx_word' id='word_1_424' title='bbox 218 4118 255 4176; x_wconf 90' lang='lat' dir='ltr'><strong>ab</strong></span> <span class='ocrx_word' id='word_1_425' title='bbox 269 4117 322 4192; x_wconf 89' lang='lat' dir='ltr'><strong>iis,</strong></span> <span class='ocrx_word' id='word_1_426' title='bbox 353 4136 444 4196; x_wconf 87' lang='lat' dir='ltr'><strong>quam</strong></span> <span class='ocrx_word' id='word_1_427' title='bbox 466 4131 505 4175; x_wconf 84' lang='lat' dir='ltr'><strong>ex</strong></span> <span class='ocrx_word' id='word_1_428' title='bbox 524 4113 757 4192; x_wconf 85' lang='lat' dir='ltr'><strong>smnmisparti-</strong></span> <span class='ocrx_word' id='word_1_429' title='bbox 799 4113 854 4172; x_wconf 88' lang='lat' dir='ltr'><strong>cile</strong></span> <span class='ocrx_word' id='word_1_430' title='bbox 871 4113 1042 4176; x_wconf 84' lang='lat' dir='ltr'><strong>¹ndmittnnt</strong></span> <span class='ocrx_word' id='word_1_431' title='bbox 1054 4159 1062 4192; x_wconf 90' lang='lat'><strong>,</strong></span> <span class='ocrx_word' id='word_1_432' title='bbox 1098 4103 1298 4176; x_wconf 69' lang='lat' dir='ltr'><strong>immenti</strong></span> 
     </span>
     <span class='ocr_line' id='line_1_47' title="bbox 216 4197 1296 4282; baseline -0.006 -22"><span class='ocrx_word' id='word_1_433' title='bbox 216 4201 288 4276; x_wconf 88' lang='lat' dir='ltr'><strong>bus,</strong></span> <span class='ocrx_word' id='word_1_434' title='bbox 315 4211 474 4282; x_wconf 84' lang='lat' dir='ltr'><strong>expectere</strong></span> <span class='ocrx_word' id='word_1_435' title='bbox 492 4199 595 4280; x_wconf 87' lang='lat' dir='ltr'><strong>possis.</strong></span> <span class='ocrx_word' id='word_1_436' title='bbox 643 4197 685 4258; x_wconf 79' lang='lat' dir='ltr'><strong>At</strong></span> <span class='ocrx_word' id='word_1_437' title='bbox 707 4197 757 4258; x_wconf 85' lang='lat' dir='ltr'><strong>alii</strong></span> <span class='ocrx_word' id='word_1_438' title='bbox 799 4199 914 4260; x_wconf 84' lang='lat' dir='ltr'><strong>Colum.</strong></span> <span class='ocrx_word' id='word_1_439' title='bbox 933 4199 993 4275; x_wconf 93' lang='lat' dir='ltr'><strong>Ill,</strong></span> <span class='ocrx_word' id='word_1_440' title='bbox 1017 4197 1237 4276; x_wconf 75' lang='lat' dir='ltr'><strong>10,1-4et</strong></span> <span class='ocrx_word' id='word_1_441' title='bbox 1254 4209 1296 4268; x_wconf 76' lang='lat' dir='ltr'><strong>sqq-</strong></span> 
     </span>
     <span class='ocr_line' id='line_1_48' title="bbox 217 4281 1295 4364; baseline -0.006 -17"><span class='ocrx_word' id='word_1_442' title='bbox 217 4305 287 4346; x_wconf 89' lang='lat' dir='ltr'><strong>cum</strong></span> <span class='ocrx_word' id='word_1_443' title='bbox 301 4285 435 4347; x_wconf 82' lang='lat' dir='ltr'><strong>Martius</strong></span> <span class='ocrx_word' id='word_1_444' title='bbox 454 4287 495 4346; x_wconf 83' lang='lat' dir='ltr'><strong>ad</strong></span> <span class='ocrx_word' id='word_1_445' title='bbox 514 4285 575 4346; x_wconf 91' lang='lat' dir='ltr'><strong>duo</strong></span> <span class='ocrx_word' id='word_1_446' title='bbox 595 4291 773 4364; x_wconf 75' lang='lat' dir='ltr'><strong>praecepta</strong></span> <span class='ocrx_word' id='word_1_447' title='bbox 797 4285 931 4364; x_wconf 83' lang='lat' dir='ltr'><strong>Respicit</strong></span> <span class='ocrx_word' id='word_1_448' title='bbox 960 4283 992 4344; x_wconf 87' lang='lat' dir='ltr'><strong>lr.</strong></span> <span class='ocrx_word' id='word_1_449' title='bbox 1021 4286 1042 4345; x_wconf 79' lang='lat' dir='ltr'><strong>l</strong></span> <span class='ocrx_word' id='word_1_450' title='bbox 1067 4285 1140 4344; x_wconf 89' lang='lat' dir='ltr'><strong>Pliu.</strong></span> <span class='ocrx_word' id='word_1_451' title='bbox 1164 4281 1245 4356; x_wconf 76' lang='lat' dir='ltr'><strong>xvii,</strong></span> <span class='ocrx_word' id='word_1_452' title='bbox 1262 4283 1295 4340; x_wconf 82' lang='lat' dir='ltr'><strong>lt</strong></span> 
     </span>
     <span class='ocr_line' id='line_1_49' title="bbox 216 4369 1294 4450; baseline -0.004 -22"><span class='ocrx_word' id='word_1_453' title='bbox 216 4371 316 4428; x_wconf 89' lang='lat' dir='ltr'><strong>locum</strong></span> <span class='ocrx_word' id='word_1_454' title='bbox 329 4371 483 4450; x_wconf 77' lang='lat' dir='ltr'><strong>redigunt:</strong></span> <span class='ocrx_word' id='word_1_455' title='bbox 505 4372 649 4446; x_wconf 87' lang='lat' dir='ltr'><strong>alterurn,</strong></span> <span class='ocrx_word' id='word_1_456' title='bbox 672 4369 755 4448; x_wconf 89' lang='lat' dir='ltr'><strong>quod</strong></span> <span class='ocrx_word' id='word_1_457' title='bbox 797 4369 873 4434; x_wconf 72' lang='lat' dir='ltr'><strong>ert</strong></span> <span class='ocrx_word' id='word_1_458' title='bbox 893 4369 1294 4450; x_wconf 72' lang='lat' dir='ltr'><strong>Virgiliisseoacsarn&#39;neriom</strong></span> 
     </span>
     <span class='ocr_line' id='line_1_50' title="bbox 215 4455 1294 4534; baseline 0 -22"><span class='ocrx_word' id='word_1_459' title='bbox 215 4455 379 4532; x_wconf 83' lang='lat' dir='ltr'><strong>posteriore</strong></span> <span class='ocrx_word' id='word_1_460' title='bbox 392 4456 460 4516; x_wconf 88' lang='lat' dir='ltr'><strong>loco</strong></span> <span class='ocrx_word' id='word_1_461' title='bbox 472 4465 755 4532; x_wconf 81' lang='lat' dir='ltr'><strong>memoretur,·sur-</strong></span> <span class='ocrx_word' id='word_1_462' title='bbox 796 4468 896 4528; x_wconf 58' lang='lat' dir='ltr'><strong>vetum</strong></span> <span class='ocrx_word' id='word_1_463' title='bbox 921 4476 979 4516; x_wconf 87' lang='lat' dir='ltr'><strong>nec</strong></span> <span class='ocrx_word' id='word_1_464' title='bbox 991 4463 1086 4518; x_wconf 70' lang='lat' dir='ltr'><strong>mnu</strong></span> <span class='ocrx_word' id='word_1_465' title='bbox 1103 4463 1186 4534; x_wconf 78' lang='lat' dir='ltr'><strong>poen</strong></span> <span class='ocrx_word' id='word_1_466' title='bbox 1203 4457 1294 4512; x_wconf 68' lang='lat' dir='ltr'><strong>ttulit!²</strong></span> 
     </span>
    </p>
   </div>
   <div class='ocr_carea' id='block_1_5' title="bbox 0 0 1330 5032">
    <p class='ocr_par' dir='ltr' id='par_1_6' title="bbox 0 0 1330 5032">
     <span class='ocr_line' id='line_1_51' title="bbox 0 0 1330 5032; baseline 0 1"><span class='ocrx_word' id='word_1_467' title='bbox 0 0 1330 5032; x_wconf 95' lang='lat' dir='ltr'><strong> </strong></span> 
     </span>
    </p>
   </div>
  </div>
 </body>
</html>
