2654 5000
239 397 288 468 34
430 387 681 464 SPOHNll
715 387 1169 466 PROLEGOMENA

240 573 465 653 Certum-id
491 572 656 676 quidem
679 572 731 646 de
757 575 986 650 Maecenate
1001 589 1061 649 est
1075 599 1156 676 seq.
1176 599 1244 670 ao,
1267 603 1319 678 qm

238 679 459 754 ridebimus
485 700 597 774 agros
614 675 776 772 Virgilio
809 676 944 752 denuo
970 675 1091 754 fuisse
1113 677 1319 779 aliquamdi

225 772 407 882 ereptos.
459 781 540 855 Sed
566 779 617 855 de
640 779 760 854 altera
783 779 848 854 illa
867 782 1091 880 ereptione,
1117 783 1158 859 in
1183 807 1254 882 qua
1273 795 1318 856 sta

237 885 384 961 tuenda
409 883 564 980 longius
591 885 728 978 etiarn,
766 907 886 982 quam
915 885 955 957 in
986 885 1144 978 ceteris,
1172 886 1319 959 recedo.

236 989 504 1064 recentiorum
527 987 789 1086 interpretum
817 987 1071 1086 opinionibus
1098 987 1150 1061 de
1171 989 1244 1062 vita
1265 991 1319 1064 Vir

235 1091 348 1190 gilii,
361 1115 405 1164 ac
420 1104 603 1189 tempore
625 1101 666 1163 et
688 1088 830 1164 ordine
850 1089 1107 1187 Eclogarum,
1134 1089 1319 1165 videbimn

236 1205 385 1294 postea.
436 1197 541 1294 Ergo
555 1197 762 1270 Maecenas
780 1193 1007 1290 Virgilium,
1033 1209 1078 1270 ut
1094 1209 1266 1294 poetam,
1288 1195 1319 1266 ri-

237 1297 354 1372 detur
384 1294 696 1372 commendasse.
736 1297 929 1370 ¹decessit
957 1298 1043 1372 sine
1070 1297 1197 1373 dubio
1224 1295 1316 1372 Allan

235 1401 326 1476 Vari
341 1413 380 1474 et
398 1398 573 1476 Cornelii
595 1397 696 1474 Galli
712 1398 1020 1480 commendatio.
1056 1403 1235 1503 Uterque
1256 1400 1319 1474 olin

236 1501 460 1578 eonmdem
502 1503 781 1598 magistrorum
821 1501 1026 1602 disciplina
1068 1527 1164 1578 cum
1194 1501 1319 1600 Virgilio

233 1629 325 1680 usus
340 1602 479 1681 fuerat.
529 1607 671 1704 Neque
688 1628 784 1678 vero
802 1629 851 1678 eo
869 1629 993 1703 anno,
1019 1621 1065 1682 ut
1090 1609 1248 1683 Vossius
1265 1605 1319 1680 ml

233 1735 271 1808 p.
292 1715 361 1802 14,
378 1709 503 1783 Varus
519 1720 559 1781 et
574 1706 709 1782 Gallus
725 1707 800 1780 iam
818 1724 1027 1810 praeerant
1047 1709 1104 1786 illi
1119 1710 1319 1811 provinciae

233 1810 305 1885 sed
321 1813 474 1886 Rornae
491 1809 755 1888 versabantur.
807 1811 905 1888 Utut
921 1826 995 1910 est,
1023 1811 1102 1888 hoc
1116 1829 1260 1890 certum
1274 1825 1319 1888 est

233 1913 282 1987 ab
308 1913 527 1988 Octaviano
541 1911 750 2010 Vugilium
771 1935 884 2010 agros
908 1917 1117 2016 recepisse.
1170 1923 1249 1992 Hoc
1265 1916 1319 1988 sin-

231 2015 367 2113 gulare
384 2014 626 2090 beneficium
651 2016 694 2089 in
726 2020 930 2093 communi
960 2021 1104 2096 civium
1134 2021 1319 2096 vicinorum

235 2118 452 2202 calamitate
467 2117 753 2194 celebrandum
769 2133 851 2195 erat
867 2123 1040 2220 Virgilio.
1092 2128 1248 2202 Factum
1264 2121 1319 2194 hoc

232 2245 306 2322 per
326 2223 407 2299 Ecl.
433 2225 486 2347 l,
506 2223 558 2296 ita
578 2235 741 2318 tamen,
767 2237 813 2298 ut
836 2225 979 2300 civium
1006 2249 1174 2304 suorum
1203 2239 1315 2300 sortem

232 2323 402 2422 lugeret,
430 2338 481 2410 et,
510 2322 652 2400 sillem
685 2340 838 2424 posset,
882 2329 1101 2406 etiamnum
1132 2331 1205 2405 illis
1229 2331 1310 2404 ooa-

231 2426 593 2504 vianumredderet
607 2429 821 2510 mitiorem.

560 2583 563 2592 ’
671 2599 791 2697 (nel.
823 2607 912 2702 nr.)

416 2761 474 2814 ao.
500 2745 588 2816 715.
615 2740 660 2814 U.
689 2740 730 2814 C.
758 2763 834 2816 sec.
860 2744 969 2822 var.
997 2741 1166 2818 Servilio

544 2887 584 2948 et
613 2877 705 2949 Luc.
733 2877 908 2952 Antonio
936 2879 1043 2956 Coss.

642 3013 747 3112 Virg.
774 3027 846 3092 aet.
873 3023 935 3094 29.
990 3023 997 3041 '
1090 3096 1099 3114 ,

331 3144 546 3244 Postquam
573 3145 622 3220 ad
642 3149 845 3249 Philippos
863 3165 1040 3226 extremo
1061 3163 1261 3225 auctumno
1281 3139 1308 3212 al

227 3247 315 3320 712.
341 3260 559 3341 pugnatum
573 3247 719 3347 fuerat,
746 3255 941 3330 Antonius
958 3255 999 3328 in
1023 3254 1157 3330 Asiam
1172 3250 1264 3335 abiit,
1280 3253 1309 3314 111

226 3345 411 3443 pecunias
446 3365 606 3446 cogeret
637 3369 677 3430 et
704 3356 870 3432 Parthos
905 3371 1166 3458 oppugnaret.
1223 3353 1308 3427 octa·

226 3448 361 3522 vianus
383 3449 533 3527 ltaliam
561 3459 675 3553 petiit
695 3482 745 3534 eo
768 3461 951 3557 consilio,
987 3473 1033 3536 ut
1052 3459 1240 3560 Lepidum
1258 3447 1307 3524 ob·

224 3566 414 3648 servaret,
442 3557 541 3632 Sext.
569 3562 807 3661 Pompeium
833 3565 881 3638 ab
903 3563 1012 3640 Italia
1036 3576 1203 3656 arceret,
1226 3551 1306 3632 deni·

225 3679 304 3754 que
319 3655 508 3733 militibus
531 3661 570 3734 in
583 3678 757 3766 utroque
773 3669 944 3742 exercitu
964 3679 1004 3742 et
1028 3665 1304 3744 Triumvironn

225 3770 265 3830 et
277 3760 388 3880 Bruti
403 3763 602 3866 Cassiique
619 3771 813 3844 veteranis
835 3793 948 3869 agros
974 3764 1169 3847 divideret
1188 3761 1303 3842 dudum

223 3883 447 3957 promissos

261 4061 269 4079 .
323 3963 404 4040 Kal.
430 3969 684 4047 IanuarsLuc.
707 3972 904 4050 Antonius
925 3975 1182 4052 Consulatum
1196 3967 1301 4046 iniitel

222 4065 469 4164 triumphum
492 4073 587 4169 egit,
623 4097 748 4174 quum
777 4078 856 4152 iarn
882 4102 956 4180 per
980 4079 1156 4155 Fulviam
1180 4073 1299 4150 Trium·

221 4165 291 4238 viri
311 4192 494 4266 uxorem,
520 4171 711 4250 seminam
735 4201 896 4276 gravem
919 4179 959 4258 et
987 4183 1241 4284 imperiosam,
1267 4165 1297 4237 ll·

221 4279 337 4344 cerat
390 4275 524 4350 Rediit
540 4279 785 4380 Octavianus,
811 4297 903 4385 post
961 4309 1025 4360 arn
1041 4305 1088 4360 ex
1108 4281 1205 4384 gravi
1217 4289 1295 4384 11¹⁰?

218 4370 272 4445 bo
291 4375 549 4455 convaluerat.
607 4383 780 4480 Urgebat
808 4400 896 4464 toto
1017 4411 1122 4464 anno
1151 4405 1217 4484 per
1233 4395 1294 4452 unt
