2710 4998
194 369 275 432 fflt
404 349 446 424 P.
473 347 692 424 VlRGlhll
718 347 955 426 MARONIS
982 348 1109 426 VITA

193 539 306 644 91131111
319 539 429 599 lamam
441 535 618 620 praesagisse
632 539 739 600 femur.
759 557 791 600 v.
804 536 913 600 Donat.
928 535 961 620 5.
973 537 1025 605 41.
1067 537 1194 600 savius
1208 537 1262 597 ad
1283 537 1351 596 Ecl

193 626 242 702 u,
267 629 345 770 1lieo
359 730 438 770 anno
451 707 492 768 ad
503 707 575 768 Xlll
592 707 658 770 Kal.
675 706 770 789 April
783 706 858 790 (XX
875 707 991 792 Martii)
1007 709 1135 772 Ovidius
1158 718 1262 774 natsss
1284 719 1351 767 est

194 815 250 856 nec
268 796 362 856 multo
384 805 454 854 ante
472 795 661 874 Propertium
695 794 830 854 Tibullus
855 804 955 856 autem
976 797 1037 854 iam
1058 805 1130 854 ante
1149 796 1215 861 705
1240 805 1351 854 natus

195 891 272 958 erat;
295 900 475 960 quamquam
497 879 548 938 alii
569 881 632 940 eius
651 881 766 940 natales
781 879 822 938 ad
845 901 871 941 a.
894 883 972 958 6903
992 881 1144 962 Propertii
1163 891 1285 942 autem
1312 881 1351 940 ad

194 988 221 1027 a.
232 971 296 1034 697
313 968 424 1028 referre
438 966 556 1026 volunt
600 965 736 1028 Catullus
752 965 831 1025 eirca
847 967 910 1033 705
925 967 1050 1027 obierat.

643 1153 689 1229 U.
716 1151 758 1229 C.
784 1157 871 1231 712.

244 1277 297 1350 Μ
325 1276 501 1349 Aetnilius
525 1277 686 1372 Lepidus
710 1274 765 1349 II.
818 1278 862 1350 L.
887 1277 1074 1348 Mauritius
1099 1277 1290 1349 Plancus,

453 1422 488 1472 a.
510 1397 557 1472 o.
585 1398 646 1473 ss.
704 1398 850 1492 ragau
876 1401 1057 1472 as-as,

278 1517 442 1578 Triumviri
454 1517 572 1578 Caesari
592 1517 710 1577 divinos
730 1515 861 1577 honores
881 1517 1059 1577 decernunt.
1099 1516 1169 1576 Kal.
1178 1516 1351 1578 Ianuariis

193 1603 226 1663 iu
246 1603 310 1662 eius
334 1613 400 1662 acta
419 1603 532 1663 iurant.
574 1603 723 1662 Sacellum
746 1603 773 1661 ei
794 1611 949 1680 tamquam
963 1601 1050 1662 heroi
1070 1603 1101 1662 iu
1118 1604 1188 1662 soro
1200 1604 1351 1676 faciunt,

194 1697 226 1748 et
242 1707 319 1768 quae
334 1688 368 1747 id
387 1707 480 1767 genias
498 1689 588 1768 plura
606 1687 689 1769 apud
706 1688 831 1748 Dionem
843 1689 959 1764 XLVII,
983 1691 1033 1753 18.
1051 1693 1091 1754 19
1104 1699 1351 1748 memorantur.

194 1772 293 1854 Aque
303 1773 374 1834 inde
385 1783 520 1854 tempore
532 1774 706 1848 Divifilius
722 1774 906 1834 Octavianus
920 1773 979 1832 dici
994 1775 1108 1854 eoepit,
1131 1773 1254 1853 dequo
1275 1795 1347 1835 no-

195 1861 275 1920 mine
290 1859 362 1918 satis
376 1859 493 1940 copiose
508 1859 568 1938 agit
580 1859 681 1919 lleins.
696 1859 736 1918 ad
749 1857 822 1918 Aen.
837 1860 887 1934 vl,
909 1863 981 1924 798.

281 1943 370 2006 Anno
389 1947 451 2005 lere
470 1953 598 2004 exeunte
614 1954 766 2024 pugnatur
788 1945 828 2004 ad
847 1944 999 2024 Philippos
1020 1944 1053 2004 in
1072 1963 1107 2002 ea
1128 1943 1345 2004 Macedoniae

196 2040 283 2113 parte
297 2033 384 2107 sitos,
407 2050 483 2110 quae
503 2030 574 2090 olim
591 2031 631 2089 ad
652 2029 812 2090 Thraciam
834 2031 1028 2110 pertinuerat
1071 2030 1186 2090 Brutus
1205 2039 1241 2090 et
1259 2031 1344 2088 Cas-

196 2119 258 2177 sius
273 2137 303 2175 se
321 2135 376 2176 sua
395 2135 489 2175 manu
506 2115 702 2175 interficiunt.
744 2117 787 2174 Da
806 2137 906 2196 pugna
920 2116 959 2175 ad
970 2114 1122 2196 Philippos
1135 2115 1203 2176 vid.
1219 2116 1342 2195 Georg.

194 2204 225 2277 1,
248 2201 311 2267 489
334 2221 397 2280 sqq.
440 2201 480 2260 M.
502 2199 652 2260 Antonius
684 2199 723 2258 ad
743 2221 793 2260 res
819 2201 906 2261 Asiae
932 2201 1159 2261 constihrendas
1187 2201 1340 2261 discredit

195 2287 380 2349 Octavianus
398 2287 430 2347 in
449 2287 567 2348 Italiam
587 2285 683 2362 redit,
711 2287 751 2346 ad
771 2308 857 2368 agros
873 2297 904 2347 et
924 2287 1148 2369 praemiaiuter
1163 2295 1341 2348 veteranos

195 2373 409 2435 distribuenda.

278 2459 328 2518 Ad
343 2457 473 2518 Caesaris
494 2457 746 2519 consecrationem
763 2479 854 2539 quam
874 2459 1005 2520 diximus
1023 2457 1139 2520 nobiles
1157 2458 1203 2518 illi
1221 2479 1339 2518 versus

194 2553 329 2628 spectant
341 2545 413 2604 Aen.
426 2545 450 2621 1,
471 2543 652 2608 uso-294
667 2545 821 2606 Nascetur
828 2548 938 2625 pulcra
960 2549 1108 2606 lloianus
1120 2547 1243 2622 origine
1251 2545 1337 2604 Coe-

194 2643 325 2708 rareto,
347 2641 377 2690 et
388 2631 437 2707 Vl,
463 2633 525 2694 790
544 2629 595 2688 Ιιιὶ·
614 2629 739 2706 Caesar,
762 2643 790 2690 et
810 2633 905 2691 onmis
919 2633 984 2692 Iuli
998 2633 1162 2710 Ilogenies
1175 2651 1337 2708 mgnum

194 2723 274 2780 caeli
292 2731 417 2780 veritum
436 2715 491 2774 sub
510 2736 612 2774 axem.
657 2715 700 2774 lle
723 2717 826 2778 eadem
848 2717 1070 2777 consecratione
1090 2735 1144 2776 seu
1167 2716 1335 2796 apotheosi

195 2826 281 2887 agere
299 2804 389 2883 vulgo
414 2802 604 2862 existimatur
626 2801 789 2880 Daphnis,
810 2804 918 2883 Eologa
936 2803 972 2864 V.
1000 2803 1151 2862 Martinus
1174 2800 1274 2884 (Life
1301 2799 1344 2879 os

199 2892 305 2970 Virgil
315 2911 346 2969 p.
358 2888 452 2948 XLVI
469 2897 499 2946 et
511 2886 550 2945 ad
565 2887 626 2946 Ecl.
639 2888 675 2963 V,
698 2891 748 2953 86.
764 2893 815 2954 20.
828 2890 879 2955 52.
900 2890 955 2965 IX,
975 2887 1028 2972 10)
1043 2887 1103 2948 hoc
1119 2887 1187 2966 ipso
1205 2906 1334 2966 quoque

123 3039 127 3050 ,
195 2999 275 3036 anno
287 2995 352 3034 eam
366 2975 510 3053 scriptam
523 2992 585 3032 esse
602 2974 772 3050 statuebat5
793 2984 829 3034 ut
848 2975 922 3034 adeo
942 2975 1110 3034 Octaviano
1125 2975 1250 3046 Caesari
1270 2975 1333 3032 iarn

194 3073 262 3122 tum
274 3063 359 3120 Maro
381 3059 607 3124 commendatus
630 3079 692 3118 esse
713 3059 812 3120 videri
830 3060 936 3120 debeat
942 3083 952 3140 5
978 3060 1071 3139 idque
1095 3057 1156 3120 hoe
1175 3059 1245 3139 ipso
1258 3081 1331 3119 car-

193 3148 275 3207 mine
292 3147 408 3204 lactum
428 3163 504 3202 esse:
532 3143 573 3203 ib.
594 3163 659 3223 pag.
680 3146 726 3205 LI.
770 3147 801 3204 si
821 3147 895 3206 mihi
915 3145 991 3206 haee
1003 3147 1197 3224 oonieetura,
1222 3165 1282 3227 per
1300 3165 1331 3204 se

194 3230 360 3291 admodum
369 3229 457 3304 levis,
485 3227 555 3288 nam
571 3249 626 3288 cur
645 3251 707 3290 non
724 3233 837 3292 multos
860 3242 929 3313 post
944 3253 1039 3293 annos
1052 3232 1186 3292 eiusdem
1200 3232 1248 3291 rei
1260 3252 1332 3290 me-

193 3318 290 3378 moria
312 3313 425 3394 pariter
449 3315 524 3374 hene
546 3314 677 3373 carmine
694 3316 760 3376 fieri
782 3319 951 3397 potuisset?
979 3319 1004 3378 si
1023 3327 1126 3378 tamen
1149 3317 1331 3377 coniectura

192 3403 267 3464 haec
287 3403 325 3462 de
350 3421 449 3476 anno,
476 3421 537 3478 quo
560 3402 730 3480 scriptasit
752 3404 859 3485 Eulogo
881 3406 917 3479 V,
942 3403 1094 3466 firmanda
1112 3413 1209 3479 esset,
1242 3403 1331 3464 aliud

193 3491 347 3570 aliquanto
359 3486 476 3546 firmius
491 3495 699 3565 argumentum
714 3489 863 3549 afferrem:
891 3490 922 3550 in
935 3490 979 3549 IX
993 3491 1055 3551 Ecl.
1072 3511 1102 3550 v.
1119 3493 1169 3554 19.
1186 3493 1231 3554 20
1249 3491 1330 3567 Quis

192 3572 496 3653 omres-etnymplsas?
517 3576 584 3652 quia
597 3571 724 3631 humum
738 3574 917 3653 florentibus
938 3575 1036 3634 herbis
1057 3576 1251 3654 Spargemt?
1271 3585 1330 3632 aut

190 3663 390 3741 vuidisontes
403 3659 553 3718 induceret
573 3657 702 3718 umbra?
723 3657 808 3720 haud
821 3661 911 3721 dubie
926 3660 966 3720 ad
977 3661 1038 3720 Eol.
1051 3661 1087 3736 V,
1100 3665 1153 3726 20.
1167 3659 1211 3725 40
1225 3661 1328 3740 respi-

191 3749 285 3822 citur3
310 3745 490 3823 semitaque
510 3763 607 3818 nona,
636 3765 726 3822 quam
746 3767 772 3807 a.
790 3751 853 3812 713
869 3746 1010 3827 scriptam
1026 3765 1090 3806 esse
1109 3745 1229 3825 liquido
1249 3765 1327 3805 con-

190 3841 265 3908 stat,
286 3832 418 3912 priorem
431 3849 512 3906 esse,
533 3847 652 3888 necesse
666 3839 721 3890 est.

293 4120 334 4193 Ρ.
354 4119 530 4191 Servilius
556 3997 870 4192 Vatihilsihurqiisis
890 4120 941 4193 ΙΙ.
974 4119 1016 4190 L.
1032 4119 1220 4196 Antonius.

466 4265 499 4312 a.
518 4240 557 4312 G.
577 4241 637 4313 41.
695 4242 841 4336 Virgilii
864 4243 1040 4316 29-30.

273 4357 458 4419 Octavianus
478 4359 586 4419 Caesar
606 4361 733 4420 llomam
758 4379 897 4426 reversus
921 4360 994 4420 dum
1016 4361 1169 4421 veteranis
1190 4363 1320 4442 praemia

189 4446 358 4528 persolvere
374 4463 482 4524 eosque
496 4445 529 4504 in
544 4437 630 4526 agro's
641 4446 836 4528 municipales
846 4447 980 4508 ltaliaes
995 4447 1177 4510 Triumviais
1189 4449 1320 4530 promis-
