2636 4998
3 3779 4 3816 i

3 3851 5 3886 i

196 404 274 476 222
426 392 468 465 Ρ.
500 388 767 466 vtnnunl
803 387 1081 464 MARONIS

196 582 364 664 argumenti
382 580 521 660 equidem
541 600 604 639 non
621 579 752 640 multum
765 579 874 658 ingenii
889 599 1054 658 agnoscam.
1098 575 1154 660 (De
1173 587 1299 656 tempora,

196 691 257 749 quo
276 667 447 748 conscripta
464 669 504 726 sit
523 664 599 724 haec
613 666 736 744 Ecloga,
759 665 829 724 vide
841 666 962 725 veriora
981 665 1137 724 docentem
1150 662 1301 744 Spohninm

195 757 229 816 in
243 754 374 832 Prolegg.
416 753 459 811 Da
479 752 663 832 praestantia
679 751 769 810 btsius
786 749 926 810 carminis
945 749 1019 810 haec
1034 751 1152 810 disserit
1163 749 1301 808 Wunder-

195 839 316 901 lisbius:
338 840 426 914 „Sua
441 847 479 896 ut
490 846 698 918 recuperaret,
720 837 887 916 composuit
904 836 983 896 hanc
995 838 1133 916 Eclogam
1147 837 1245 909 Mar03
1264 845 1301 892 at-

197 945 255 1005 que
270 924 473 984 conditionem
488 923 641 1002 indignam
653 931 760 1002 poetae
775 923 969 1002 praestantis,
992 923 1064 982 dum
1081 923 1231 1002 promissis
1243 941 1301 978 con·

196 1012 281 1086 fidit,
309 1010 473 1069 miserrime
493 1007 579 1068 bonis
598 1009 658 1068 suis
682 1008 793 1090 privati
815 1009 967 1088 praeclare
987 1003 1141 1089 expressit
1194 1005 1301 1066 Haecsi

168 1129 172 1138 ,
196 1118 308 1178 ponas,
331 1105 363 1154 et
379 1115 433 1154 cur
453 1095 584 1154 maxima
596 1109 666 1174 pars
680 1091 817 1172 Eelogae,
842 1095 1006 1170 19—50.,
1027 1095 1059 1153 in
1072 1094 1216 1152 laudibus
1230 1111 1301 1171 prae·

197 1182 324 1246 stantiae
337 1201 459 1261 poeseos
472 1180 623 1239 Menalcae
636 1189 789 1254 versetur,
806 1187 837 1238 ot
852 1200 906 1238 cur
922 1181 1087 1239 Octaviano
1100 1180 1150 1238 ille
1159 1180 1301 1237 'Caesarem

77 1283 86 1294 ·
197 1269 277 1330 inter
297 1267 369 1326 deos
390 1267 538 1326 beneficos
559 1263 716 1325 referendo
738 1261 893 1341 aduletur,
923 1285 968 1326 vs.
988 1265 1056 1341 47„
1086 1275 1117 1324 et
1138 1265 1214 1324 Vari
1232 1265 1301 1322 etiam

197 1355 323 1434 gratiam
335 1361 460 1431 quaerat
474 1373 518 1411 vs.
533 1356 594 1428 27,
609 1359 713 1432 sponte
723 1351 847 1429 patebit.
881 1352 942 1410 Iam
960 1352 1091 1410 animum
1107 1349 1186 1410 mihi
1202 1351 1301 1408 advene

199 1439 238 1498 ad
251 1439 455 1499 urbanitatem
468 1437 613 1513 Maronis,
637 1437 674 1496 de
687 1437 775 1495 certis
789 1437 946 1496 Octaviani
960 1435 1118 1518 promissis,
1140 1455 1302 1514 quamquam

198 1543 250 1606 spe
266 1524 353 1584 firma
365 1545 438 1582 mox
453 1543 507 1582 sua
521 1523 720 1604 recuperandi
734 1522 843 1582 nititur
860 1543 903 1582 vs.
919 1523 970 1588 55.
983 1527 1043 1598 67,
1066 1523 1109 1582 nil
1119 1522 1301 1590 memorantis,

198 1630 255 1670 nec
275 1619 435 1669 veteranos
454 1609 647 1668 vehementer
664 1609 827 1668 incusantis
843 1627 887 1668 vs.
906 1613 970 1684 12,
1000 1619 1031 1672 et
1052 1609 1179 1688 speciem
1203 1627 1265 1690 prae
1280 1623 1302 1662 se

198 1695 337 1772 serentis,
374 1715 405 1754 se
427 1715 488 1776 ¹pro
514 1715 584 1775 agro
613 1703 681 1754 toto
703 1693 939 1754 Mennianorum
967 1693 1301 1756 restituendoilaborare

198 1801 243 1842 vs.
257 1784 333 1846 aas
359 1777 443 1864 Wr.)
487 1859 497 1876 Ι

337 2133 796 2272 nrcrnnsn.
857 2117 1189 2246 nonan.

200 2395 234 2451 a.
270 2301 392 2472 Quo
416 2365 474 2470 te',
498 2374 645 2472 Moeri,
662 2373 822 2476 pedes?
849 2399 915 2472 an,
944 2399 1025 2476 ‘1¹10
1045 2375 1107 2451 via
1130 2375 1249 2471 ducit,
1271 2373 1314 2447 in*

783 2477 953 2555 urbem?

201 2603 243 2660 st
271 2581 308 2656 Ο
324 2577 487 2677 Lycida,
513 2579 590 2654 vivi
602 2581 877 2681 pervenimus,
905 2581 1056 2657 advena
1071 2584 1205 2680 nostri,

237 2772 253 2828 1
271 2771 301 2820 In
315 2768 437 2820 Parthas.
450 2777 476 2819 et
489 2768 565 2820 Leid.
580 2767 624 2821 alt.
637 2769 674 2821 ita
686 2767 906 2838 distinguebatur:
924 2787 976 2836 an,
995 2789 1048 2842 quo
1062 2769 1109 2824 oia
1122 2773 1209 2826 duait?
1224 2773 1252 2824 in
1264 2789 1302 2821 as-

202 2837 276 2890 bem?
299 2849 328 2890 ut
346 2839 397 2889 hoe
419 2831 621 2906 ἕπεξηγητικῶς
642 2839 800 2891 subiiciatur.
832 2854 883 2892 aut
904 2859 957 2910 quo
973 2843 1021 2892 viu
1038 2841 1086 2894 Ed.
1105 2845 1170 2895 Vsa.
1232 2839 1314 2900 2pr

201 2907 267 2959 mihi
278 2908 458 2978 temperabam
470 2907 600 2976 inpriore
615 2908 746 2975 editione,
765 2909 826 2978 quin
840 2915 912 2975 Quo,
929 2911 1050 2978 Lycida,
1067 2913 1126 2963 vivi
1134 2909 1303 2984 pervenimus!

201 2983 373 3044 reponerem,
392 2975 471 3028 etsie
485 2977 539 3028 Eol.
552 2977 573 3041 1,
588 2977 623 3032 72
646 2983 689 3030 En
703 2998 756 3048 quo
772 2979 911 3048 discordia
924 2983 998 3031 cives
1011 2981 1145 3033 Perduxit
1156 3001 1187 3032 m.
1208 2979 1258 3030 set
1268 2977 1302 3040 HI,

202 3048 237 3101 88
255 3048 361 3108 senine,
385 3063 439 3115 quo
457 3057 487 3098 ta
506 3063 613 3128 quoque
624 3048 737 3119 gaudes.
773 3049 844 3100 idem
859 3049 910 3101 iam
924 3047 1034 3101 Heinsio
1046 3050 1073 3100 in
1086 3061 1192 3102 meatem
1203 3057 1314 3104 renent*

202 3131 252 3166 neo
265 3113 352 3168 burm.
365 3114 507 3183 improbat.
541 3121 571 3168 Sa
583 3116 635 3168 hoo
649 3128 779 3170 tenemus:
799 3118 944 3182 exciderat,
960 3129 988 3170 at
1002 3119 1099 3172 centies
1114 3121 1217 3182 mnam,
1234 3117 1301 3186 priua

201 3183 292 3236 litters
305 3183 334 3236 ia
346 3197 414 3254 quo,
431 3196 542 3254 propter
555 3183 641 3245 simile
655 3187 756 3240 initium
767 3187 913 3240 vicinorum
923 3206 1059 3254 versuum,
1083 3201 1109 3242 ot
1123 3189 1189 3260 quod
1200 3203 1302 3255 magum

191 3403 194 3422 ,
247 3345 275 3403 1.
299 3343 387 3400 auin
406 3339 525 3418 ιιιῦεηι,
550 3365 608 3424 quo
622 3345 675 3404 via
685 3341 745 3402 dn·-
787 3353 835 3404 art.
878 3343 938 3404 Sed
951 3365 1008 3404 nec
1022 3343 1115 3406 altera
1128 3345 1199 3406 ratio
1213 3361 1302 3402 mem·

182 3423 265 3484 ὀἰιΡ
299 3427 410 3485 Forma
428 3427 522 3488 ducta
539 3449 577 3488 ex
592 3427 744 3489 Theocrit
785 3429 845 3510 plis
869 3429 1031 3508 destituta,
1056 3441 1091 3492 ut
1104 3431 1199 3492 Horat
1211 3433 1268 3488 Sat
1283 3427 1314 3508 L]

202 3509 266 3588 vll,
294 3515 333 3576 21
364 3533 427 3591 sqq.
472 3505 494 3600 ᾇ
529 3509 622 3588 πόδες
659 3507 747 3596 ἆγον,
788 3519 817 3591 3,
840 3519 884 3580 9.:
905 3537 1018 3598 „saepe
1033 3519 1117 3578 velut
1131 3518 1190 3597 qui,
1210 3523 1314 3574 cume

203 3595 329 3658 Theocr.
336 3597 416 3674 XIV,
424 3595 474 3662 42.
491 3597 574 3682 (Quo
581 3613 620 3676 te,
635 3603 746 3676 Moeri,
786 3601 849 3677 bat,
864 3603 980 3684 fugiens
994 3603 1148 3680 hostem;“
1163 3604 1214 3663 is.
1227 3616 1314 3678 saepe,

198 3683 310 3764 pedes,
328 3693 417 3764 puta:
440 3684 603 3762 ducunt,
622 3707 660 3746 ex
670 3707 746 3767 pro-
787 3687 1061 3770 velutquibostem
1075 3691 1301 3771 fugiensourre·

202 3767 286 3830 ximo
301 3771 383 3828 ducit
400 3769 606 3850 repetendum.
644 3771 746 3831 Usita·
789 3783 867 3852 rot,
898 3775 1039 3836 currebat
1058 3775 1114 3836 ille.
1146 3773 1207 3834 ibid.
1224 3772 1257 3846 11,
1276 3771 1314 3840 6‚³

203 3853 264 3914 tior
280 3855 402 3934 quidem
417 3855 563 3916 eiusmodi
582 3855 698 3918 omissio
713 3859 745 3916 in
794 3861 856 3923 12:
886 3861 965 3940 „qui
992 3861 1182 3923 mercenarius
1200 3865 1314 3934 τιμῶ»

204 3941 335 4000 semndo
358 3943 510 4018 membro,
545 3941 675 4022 quaudo·
688 3944 748 4002 iam
790 3945 878 4005 Illum
893 3947 991 4026 ipsrun
1006 3957 1163 4020 mercatis,
1181 3941 1298 4012 ansts?

204 4025 380 4106 expressum
409 4037 454 4088 est
485 4029 628 4104 verbum,
666 4029 749 4108 quod
790 4031 1314 4113 ἰ.ο.ἰ11ιιιιιἱριειιηιιιιεπωὶιιετιτιε.Ὶ

204 4113 314 4172 volunt
322 4123 467 4190 renotare,
480 4113 552 4174 licet
562 4115 595 4174 id
606 4115 662 4174 alia
675 4136 747 4195 per·
792 4115 861 4200 Sp.)
884 4123 914 4182 2.
928 4122 1183 4200 sa'vipenam'nms,
1197 4113 1250 4172 sa'l.
1259 4129 1297 4173 eo,

206 4215 280 4256 sona
301 4199 397 4258 above
419 4207 554 4281 tempore
572 4201 749 4280 ponendum
791 4216 825 4262 ut
833 4226 989 4282 possessor
1005 4207 1120 4266 advena
1132 4201 1211 4284 agelli
1223 4199 1297 4254 dice·

240 4349 264 4414 i
282 4349 517 4475 amnas
526 4347 1297 4493 {sessau-transcurrens

360 4455 368 4480 s
718 4460 725 4476 ⁹
800 4459 807 4476 ·
930 4461 937 4478 .

292 4501 359 4536 mut
374 4489 500 4554 ponebat.
