2816 4990
165 373 170 388 '
225 417 309 470 un
573 391 984 468 rotarioro

229 598 396 668 emeret
415 577 590 666 c'hartas
606 579 705 666 illas
721 579 1020 696 Spolmianas.
1081 574 1350 664 Coniecerat

227 700 452 817 Spohnius
482 697 853 784 commentarium
880 725 1014 782 suum
1036 697 1085 780 in
1102 695 1351 782 LXXVIII

227 817 425 935 pagellas
446 819 639 920 formae,
659 842 798 927 quam
817 831 992 920 vocant,
1018 829 1214 899 octavae.
1243 813 1352 897 Sta-

231 937 308 1019 tim
344 933 542 1018 intellexi
584 933 843 1018 inchoatam
887 931 1071 1016 demum
1110 929 1248 1016 fuisse
1286 932 1350 1015 ab

228 1051 394 1169 optimo
417 1049 526 1135 Viro
556 1051 677 1135 hene
706 1051 854 1134 telam.
913 1047 1059 1134 Multa
1086 1049 1149 1132 ita
1178 1048 1355 1165 scripta

229 1185 372 1274 erant,
404 1185 454 1252 nt
481 1169 569 1285 legi
596 1168 672 1252 vix
699 1183 902 1284 possen13
936 1193 1040 1283 pars
1070 1166 1134 1250 ita
1163 1193 1356 1282 compa-

227 1305 338 1392 rata,
356 1286 544 1370 utfacile
566 1302 813 1402 appareret,
831 1286 871 1370 si
881 1285 1120 1401 cogitatum
1127 1281 1355 1400 perficere

229 1403 429 1520 Spohnio
465 1401 684 1508 licuisset,
722 1402 849 1487 haud
881 1423 1032 1518 pauca
1066 1402 1139 1484 vel
1169 1400 1358 1484 demtu-

227 1549 332 1605 rum
359 1520 520 1626 fuisse,
551 1519 624 1604 vel
652 1519 934 1623 additurmn,
964 1519 1035 1601 vel
1056 1534 1357 1604 mutaturum.

229 1637 321 1723 Sed
342 1637 478 1727 etlam
501 1639 812 1752 imperfectum
830 1635 943 1720 illud
961 1663 1074 1751 opus
1095 1634 1221 1740 satis,
1251 1635 1359 1751 opi·-

227 1784 328 1860 nor,
360 1753 581 1859 ostendet,
620 1781 760 1866 quam
787 1754 981 1870 pulchra
1009 1751 1145 1836 totius
1173 1755 1357 1868 species

229 1897 416 1956 evasura
443 1871 598 1977 fuerit,
628 1872 668 1955 si
699 1887 946 1955 extremum
973 1865 1251 1985 perpoliendi
1280 1873 1358 1955 la-

228 1990 385 2073 borem
416 1989 630 2088 adhibere
658 1989 891 2104 potuisset!
934 1985 1234 2072 Praemiserat
1256 1990 1361 2073 sin-

227 2105 338 2220 gulis
355 2103 531 2222 Eclogis
549 2106 781 2222 prooemia
799 2103 1048 2224 Spohnins‚
1070 2129 1208 2216 qnae,
1234 2121 1361 2190 tam-

230 2249 368 2336 quam
386 2223 587 2340 dispersa
605 2225 831 2329 membra,
856 2223 905 2305 in
919 2247 1062 2306 unum
1078 2221 1232 2334 redegi
1251 2249 1361 2307 cor-

227 2370 312 2458 pus
343 2356 387 2425 et
404 2341 586 2426 nomine
604 2341 961 2453 Pirolegomenon
980 2338 1209 2454 appellata
1226 2337 1360 2455 Idey-

226 2457 293 2542 nii
322 2458 577 2570 quaestioni
598 2460 671 2546 De
702 2455 899 2542 Carmine
925 2457 1132 2540 Bucolico
1162 2457 1360 2543 subieci.

226 2573 285 2660 Ut
304 2592 455 2660 autem
466 2641 478 2682 ,
509 2601 601 2688 qua
617 2576 705 2660 fide
723 2575 933 2689 egissem,
958 2571 1170 2689 cognosci
1189 2600 1217 2657 a
1238 2603 1362 2686 quo·-

226 2693 291 2776 ris
321 2711 486 2806 posset,
525 2693 571 2778 F.
596 2693 652 2778 A.
680 2691 918 2778 Ebertus
948 2688 1115 2808 petenti
1144 2691 1261 2774 mihi
1281 2694 1362 2777 fa-

227 2811 312 2894 cile
335 2810 571 2914 concessit,
601 2828 651 2896 ut
674 2811 851 2894 chartas
867 2807 1153 2925 Spohnianas
1175 2805 1362 2896 Biblio-

225 2929 384 3012 thecae
423 2927 531 3042 Reg.
570 2925 729 3012 Dresd.
775 2925 1067 3011 asservandas
1106 2919 1363 3014 committe-

225 3072 335 3127 rem.
356 3091 411 3108 --
465 3043 700 3128 Praeterea
730 3043 890 3160 accepi
920 3073 943 3127 e
974 3042 1174 3126 literaria
1205 3043 1364 3160 Spoh-

225 3159 292 3244 nii
321 3161 586 3276 supellectili
622 3159 864 3244 editionem
893 3157 1067 3273 Virgilii
1094 3159 1362 3270 Halensem‚

227 3277 355 3363 cuius
374 3277 558 3390 singulis
580 3277 762 3395 pagellis
786 3277 1071 3394 interpositae
1093 3295 1197 3362 sunt
1217 3280 1364 3365 char-

225 3411 320 3500 tae,
359 3395 409 3478 in
439 3395 601 3507 quibus
630 3395 706 3479 ille
739 3395 905 3480 codicis
937 3394 1283 3482 Zwickaviensis
1317 3417 1365 3483 et

225 3513 338 3598 alius
366 3511 605 3598 cuiusdam
621 3511 729 3598 libri
743 3541 848 3619 ms,
881 3539 1016 3624 quem
1034 3541 1114 3598 suo
1134 3513 1222 3598 sibi
1247 3541 1363 3601 aere

225 3631 452 3748 Spohnius
482 3648 739 3747 paraverat,
773 3629 986 3716 lectiones
1015 3629 1240 3716 variantes
1271 3637 1366 3719 no-

225 3749 344 3832 tarit.
405 3747 495 3834 Sed
530 3748 749 3835 fecithoc
778 3747 828 3833 in
855 3745 1033 3863 Eclogis
1064 3764 1265 3856 tantum3
1315 3769 1367 3838 et

224 3865 296 3949 sni
319 3865 504 3978 quidem
522 3865 712 3972 codicis,
742 3880 1058 3982 praeterquam
1077 3865 1138 3950 ad
1155 3867 1367 3982 primam

224 3979 463 4099 Eclogam,
490 3984 664 4068 nullam
692 3982 846 4068 iniecit
873 3983 1160 4068 mentionem.
1218 3984 1367 4072 Intel-

222 4099 315 4183 lexi
346 4128 403 4185 ex
429 4099 517 4189 hac
541 4099 776 4186 collatione
803 4099 970 4183 nullius
996 4127 1092 4184 esse
1118 4101 1254 4216 pretii
1271 4104 1366 4189 hos

222 4215 383 4322 libros,
413 4217 530 4302 vitiis
561 4215 705 4302 omnis
734 4215 906 4330 generis
928 4216 1257 4304 refertissimos.
1299 4219 1368 4306 Et

224 4331 568 4422 Zwickaviensis
588 4333 770 4448 quidem
787 4331 956 4418 codicis
982 4333 1178 4420 diversas
1197 4337 1368 4425 lectio-
