2784 4988
367 420 640 510 PHILIPPI
666 436 969 513 WAGNERI.
1153 461 1226 512 x111

96 621 290 707 Bliimn
302 653 330 707 e
341 622 415 728 ri,
433 621 535 708 Viri
551 622 921 709 Excellentissimi
939 642 982 709 et
1000 625 1058 710 ad
1074 627 1225 716 literas

95 740 318 824 iuvandas
357 741 653 858 paratissimi,
685 741 928 826 liberalitas
961 743 1050 828 duo
1087 745 1225 879 fibros

94 887 192 943 mss.
203 857 524 944 Bibliothecae
543 859 741 944 Senator.
760 857 896 976 Lips,
920 861 1225 977 oblongum

93 979 299 1080 aforma,
320 993 365 1060 et
384 977 636 1082 alterum,
662 976 746 1091 'qui
765 975 927 1062 chartis
948 995 1012 1064 est
1029 982 1226 1091 quadra-

92 1095 168 1198 tis,
217 1120 247 1177 a
283 1123 362 1178 me
392 1094 441 1177 in
472 1097 573 1178 Var.
600 1093 720 1180 Lect.
747 1111 970 1180 vocatum.
1030 1093 1223 1212 Uterque

91 1213 191 1296 aevi
225 1229 298 1296 est
326 1211 599 1296 recentioris.
658 1212 718 1296 Hi
748 1212 929 1298 codices
958 1213 1080 1300 hunc
1110 1217 1225 1302 mihi

88 1329 416 1446 praestiterunt
437 1359 589 1434 usum,
627 1347 696 1434 ut,
736 1331 906 1442 quoties
933 1357 1096 1447 parum
1117 1361 1224 1420 con-.-

89 1463 229 1531 staret
246 1447 305 1530 de
319 1445 514 1530 lectione
534 1447 749 1532 librorum
771 1475 896 1554 mss,
928 1448 987 1532 ad
1009 1477 1084 1532 eos
1103 1452 1225 1535 redi-

88 1592 188 1648 rem
217 1581 459 1677 tamquam
483 1565 679 1677 aliquem
696 1567 884 1672 sontem,
920 1566 1066 1672 unde,
1103 1595 1224 1684 aqna

87 1683 206 1766 mihi
229 1683 473 1788 haerente,
505 1683 663 1767 certior
687 1682 860 1788 fierem,
892 1683 1003 1797 quid
1024 1683 1074 1768 in
1096 1687 1222 1773 libris

88 1829 196 1883 mss.
211 1801 453 1916 legeretur.
490 1798 556 1884 lta
573 1801 693 1884 enim
708 1799 915 1886 Heinsius
931 1801 980 1884 in
996 1805 1223 1890 enotanda

88 1918 218 2002 varia
236 1918 432 2003 lectione
453 1936 652 2003 versatus
670 1935 754 2024 est,
786 1935 837 2002 ut
855 1945 988 2034 saepe
1006 1923 1221 2008 nonsatis

88 2051 338 2152 appareat,
386 2035 497 2146 quid
527 2035 602 2120 ille
628 2036 677 2120 in
709 2036 840 2122 codd.
868 2065 971 2122 mss.
995 2039 1220 2175 repererit.

89 2147 251 2256 Ouare
282 2153 321 2236 is
346 2153 502 2265 utique
530 2181 691 2270 operae
712 2153 905 2270 pretium
928 2156 1099 2259 secent,
1143 2159 1223 2270 qui

85 2273 293 2388 potiores
310 2269 486 2355 Heinsii
502 2271 679 2356 codices
697 2272 844 2356 denuo
867 2273 1063 2358 conserat
1080 2301 1222 2360 accu-

86 2391 353 2502 ratiusque,
384 2389 496 2502 quid
520 2389 569 2472 in
597 2418 774 2502 quoque
798 2391 1014 2504 scriptum
1037 2392 1110 2498 sit,
1143 2423 1221 2478 ex-

87 2524 245 2624 ponat.
310 2507 379 2591 Ac
410 2508 605 2623 prolecto
638 2505 871 2619 indignum
899 2509 1021 2593 lactu
1049 2509 1221 2596 iudica-

90 2627 208 2708 bunt
231 2652 416 2708 mecum
443 2653 596 2708 omnes
623 2622 779 2740 optimi
804 2639 962 2740 poetae
986 2639 1220 2734 amatores,

88 2742 218 2854 quod
233 2741 388 2826 adhuc
402 2741 450 2824 in
462 2741 780 2826 recentioribus
793 2740 1063 2825 editionibus
1077 2745 1222 2828 omni-
1329 2793 1332 2800 ·

89 2861 175 2942 bus
205 2857 438 2969 quaedam
466 2858 863 2958 circumferuntur,
906 2884 1020 2970 quae
1048 2861 1221 2948 nescias

87 2977 216 3061 unde
236 2976 364 3059 illata
381 2977 469 3058 sint
492 2975 538 3058 in
557 2991 742 3060 textum.
794 2973 846 3060 Ut
861 2976 973 3061 Aen.
991 2975 1024 3083 l,
1048 2977 1145 3070 153.
1165 3008 1222 3065 ex

89 3091 354 3178 Burmanni
384 3092 577 3176 editione
611 3093 738 3177 lectio
772 3093 988 3178 mendosa
1019 3101 1099 3180 iste
1138 3125 1221 3214 per

91 3239 254 3298 omnes
272 3207 487 3324 deinceps
504 3209 718 3294 editiones
738 3229 1081 3327 propagataes13
1111 3214 1221 3300 item

89 3329 164 3436 lV,
175 3333 286 3420 529.
303 3357 378 3412 nec
390 3327 563 3412 videtur
574 3327 623 3412 in
635 3325 760 3412 libris
772 3356 875 3412 mss.
890 3346 1061 3414 exstare
1074 3332 1221 3416 omni-

90 3449 196 3554 bus,
226 3447 321 3532 nisi
337 3445 460 3558 quod
476 3443 640 3529 Medic.
660 3471 687 3528 a
707 3472 766 3528 m.
789 3475 855 3560 pr.
876 3447 1059 3530 exhibet
1072 3477 1220 3564 coep,-

90 3567 178 3651 rid
201 3591 326 3680 quae
347 3562 412 3648 ibi
426 3561 594 3679 scripsi.
653 3561 774 3646 Haec
792 3579 835 3646 et
851 3563 1014 3649 similia
1031 3579 1081 3648 ut
1100 3565 1221 3650 dete-

92 3713 268 3800 gerem,
293 3681 542 3800 plurimum
556 3678 670 3763 mihi
684 3680 849 3796 proluit
864 3679 1095 3766 Mediceus
1110 3681 1220 3798 Fog-
1300 3769 1302 3775 ,

92 3803 211 3918 ginii,
234 3819 340 3887 tum
356 3796 559 3884 adhibita
573 3797 792 3883 librorum
806 3797 1110 3914 Lipsiensium
1127 3801 1221 3886 col

92 3921 205 4006 latio.

198 4039 255 4126 ln
296 4032 626 4148 antiquissimis
660 4033 784 4116 libris
824 4061 928 4116 mss.
962 4050 1221 4120 numeratur

89 4159 215 4246 etiam
235 4155 507 4252 Palatinus,
538 4177 673 4262 quem
693 4149 966 4266 Ambrogius
985 4179 1090 4240 cum
1112 4178 1220 4269 apo-

86 4279 252 4400 grapho
269 4266 483 4362 Medicei
497 4265 786 4467 Foqginiano,
817 4267 896 4351 sed
910 4295 1002 4352 non
1016 4269 1122 4353 satis
1141 4297 1220 4354 ac-

86 4419 255 4505 curate,
290 4383 506 4480 contulit.
584 4384 769 4469 scodex
785 4413 925 4498 quum
949 4385 1220 4501 quibusdam
