2654 5000
169 407 243 482 tu
279 405 559 485 CARMINA
591 408 899 488 BUCOLICA
938 424 947 441 '
1038 424 1088 496 83

26 603 181 668 nuomm
200 617 363 696 quoque
377 593 469 692 agri,
483 595 819 674 Cremonensibus
835 598 961 696 vicini,
976 627 997 676 a
1012 601 1089 678 mi-

23 693 110 770 llibus
135 697 330 795 occupati,
356 721 441 772 non
465 709 632 798 propter
653 697 810 799 culpam
830 701 992 800 civium,
1016 703 1089 780 sed

20 812 137 896 propter
159 799 399 876 vicinitatem
426 802 551 896 (Serv.
570 825 751 901 prooem.
772 801 822 878 ad
837 804 917 880 Ecl.
939 809 1004 904 ut,
1026 816 1088 886 28.

17 901 113 978 Donat.
133 903 193 979 rit.
219 904 251 1001 §.
275 910 337 981 36.
364 907 462 1001 st),
496 929 621 1004 quum
654 904 983 985 Cremonensium
1008 911 1088 1008 agri

17 1001 156 1078 militibus
169 1005 362 1082 Romanis
378 1003 472 1082 illuc
484 1008 611 1082 missis
624 1031 707 1082 non
722 1006 963 1086 sufficerent.
987 1013 1088 1088 Hinc

18 1101 82 1178 illud
106 1106 231 1204 Virgil.
257 1107 341 1186 Ecl.
362 1111 427 1206 nt,
452 1119 531 1189 28.:
562 1115 722 1186 Mantua
745 1136 815 1186 vae
840 1113 1005 1190 miserae
1026 1115 1088 1188 ui-

18 1209 101 1282 niun
112 1211 228 1286 vicina
246 1215 489 1290 Cremonae!
526 1215 572 1288 ln
589 1211 971 1296 hisMantuanorirm
991 1217 1089 1313 agris

19 1311 96 1385 etiarn
121 1313 321 1412 virgiliani
348 1311 486 1406 suere,
528 1315 693 1392 testibus
715 1321 858 1395 Donat.
882 1315 906 1395 l.
928 1316 953 1396 l.
983 1320 1090 1398 Serv.

18 1411 81 1508 plur.
100 1415 202 1516 locis,
230 1415 371 1496 Sidon.
388 1417 561 1518 Apollin.
577 1416 739 1519 praefat.
764 1423 950 1518 Panegyr.
965 1421 1086 1498 Maio-

18 1515 90 1590 n'auo
103 1518 205 1618 dicti,
231 1519 398 1599 maniat
424 1524 527 1618 VIIL
554 1529 631 1600 tu:
657 1519 875 1620 (Virgilius)

51 1621 153 1716 Iugera
185 1621 420 1724 perdiderat
450 1625 618 1700 miserae
644 1625 770 1703 vicina
803 1626 1038 1704 Cremonae.

17 1720 74 1795 bat
91 1725 264 1827 (pridem,
291 1727 372 1802 sive
400 1728 540 1823 sumti,
567 1752 588 1803 a
608 1727 774 1825 Claudio
796 1751 824 1806 s.
846 1727 991 1805 Clodio
1012 1729 1089 1804 mi-

17 1819 60 1896 lite
71 1842 249 1908 veterano.
303 1828 385 1904 Sed
398 1831 554 1906 Asinius
567 1829 717 1928 Pollio,
745 1854 919 1931 quocum
938 1831 1016 1906 iam
1031 1831 1089 1906 vi-

18 1921 107 2004 linus
125 1933 446 2010 coniunctionem
467 1934 729 2010 intercessisse
742 1928 923 2031 Virgilio,
951 1934 1089 2010 etiam-

18 2049 81 2104 nun
103 2033 151 2112 illi
187 2036 417 2137 provinciae
455 2035 756 2136 Transpadanae
785 2049 975 2136 praeerat.
1039 2039 1090 2112 Et

19 2155 98 2228 quan
146 2163 207 2216 am
234 2139 473 2215 Octavianus
499 2138 690 2215 militibus
714 2139 927 2241 plurimam
955 2137 1088 2216 indul-

18 2251 92 2326 geret
123 2241 321 2338 centiam,
347 2254 483 2318 tamen
509 2243 692 2318 resistere
713 2241 926 2332 studebant
947 2265 1089 2318 eorum

18 2338 204 2432 petulantiae
217 2343 715 2440 Pollio‚LuciusAntonius
731 2359 770 2421 et
782 2345 927 2424 Fulvia.
949 2349 1090 2440 Quum

19 2441 89 2514 enin
98 2447 323 2524 Octavianus
336 2446 625 2524 administraret
642 2448 875 2525 divisionem
890 2467 1087 2543 agrorum,

19 2555 45 2612 ut
55 2545 116 2643 ipse
128 2549 229 2626 solus
246 2551 359 2652 quasi
381 2575 454 2625 suo
479 2552 643 2626 nomine
663 2550 763 2626 haec
789 2550 964 2649 praemia
984 2547 1090 2622 mili-

19 2643 87 2722 tibus
105 2649 332 2730 distribuere
360 2651 578 2752 videretur,
618 2677 753 2754 neque
776 2675 872 2726 vero
902 2661 983 2725 tam
1004 2673 1090 2746 suo,

20 2771 102 2844 tuam
115 2759 268 2832 Antonii
284 2757 469 2848 nomine;
496 2756 536 2834 id
559 2780 752 2859 quorsum
766 2763 1091 2855 spectaret‚tsen-

18 2849 117 2930 tientes
131 2873 166 2934 et
179 2861 324 2936 Lucius
338 2859 534 2943 Antonius
558 2873 598 2936 et
611 2857 747 2934 Fulvia
765 2880 880 2954 aegre
904 2853 1090 2942 tulerunt.

18 2951 159 3058 Pollioni,
182 2977 324 3065 utpote
340 2959 425 3038 fido
439 2967 493 3038 Μ.
511 2961 672 3040 Antonii
686 2961 812 3036 amico
831 2955 1090 3058 eiusdemque

20 3049 120 3158 iltuto,
142 3081 309 3165 patrono
326 3065 488 3164 Virgilii,
504 3067 673 3142 maxime
689 3064 767 3140 hoc
781 3060 980 3162 agendum
995 3071 1089 3158 erat,

20 3179 50 3230 sse
60 3187 117 3259 per
130 3170 289 3246 nimiam
312 3168 511 3246 licentiam
526 3167 699 3248 militum
717 3165 918 3244 Octaviani
940 3163 1090 3284 praeri3

20 3281 164 3354 perenm
195 3287 340 3375 poetae
375 3271 509 3348 dilecti
533 3272 829 3372 possessiones,
871 3292 978 3370 quae
1009 3274 1089 3364 (un

21 3383 120 3445 ⁰ffl11es
138 3379 462 3474 Mantuanorum)
476 3373 581 3451 ultra
595 3373 857 3476 praescriptos
872 3385 912 3448 et
927 3392 1090 3446 conces-

21 3489 61 3540 sos
74 3475 244 3556 militibus
273 3478 376 3556 fines
398 3491 511 3555 erant
526 3479 621 3563 sitae
641 3475 691 3556 ad
713 3476 912 3554 montium
936 3471 1092 3551 radices

22 3577 267 3672 lfflpcssumen
280 3583 484 3660 Mincium.
517 3581 640 3659 Omni
655 3581 783 3683 igitur,
810 3601 886 3679 qua
901 3573 1090 3692 pollebat,

23 3683 201 3762 ostentate
240 3685 372 3763 Pollio
411 3709 462 3762 eo
486 3697 546 3762 est
571 3683 717 3780 enisus,
742 3695 788 3758 ut
812 3675 998 3757 Claudius
1013 3685 1090 3794 ‚¹⁵²⁰
1140 3731 1142 3741 .

23 3779 199 3864 restrueret
220 3813 288 3866 sua
311 3786 488 3885 Vngilio.
522 3785 642 3882 Quod
660 3799 705 3862 ut
723 3809 772 3860 eo
793 3781 936 3858 certius
951 3790 1090 3854 tutius-

25 3883 178 3970 ueeffici
199 3903 351 3992 posset,
378 3904 515 3966 auctor
537 3887 658 3965 fuisse
672 3886 836 3963 ridetur
855 3894 1019 3983 poetae,
1045 3891 1090 3954 ut

23 3975 202 4068 R⁰11nmet
225 3995 275 4072 ad
298 3995 430 4096 ipsum
452 3993 710 4070 Octavianum
730 3989 873 4082 abiret,
900 3983 950 4059 ad
968 4004 1091 4086 quem

27 4083 230 4172 toulluebant
245 4098 371 4174 eiecti.
421 4097 573 4192 Quibus
586 4093 752 4196 quidem
773 4087 956 4191 precibus
975 4111 1089 4189 prae-

26 4189 158 4270 sentbus
176 4201 358 4302 Virgilius
382 4199 463 4276 hoc
487 4197 639 4294 effecit,
672 4209 718 4273 ut
741 4215 834 4270 suos
855 4213 967 4289 agros
988 4190 1091 4266 reci-

28 4303 116 4376 Pssret
157 4303 296 4382 lusisse
327 4327 422 4382 eum
448 4326 532 4380 non
562 4300 696 4376 solum
721 4295 970 4392 Pollionem,
1016 4289 1090 4368 sed

27 4383 246 4482 Maecenatem
278 4430 472 4510 quoque,
523 4403 743 4482 admodum
780 4411 840 4476 est
872 4394 1090 4500 probabile.

65 4527 186 4618 ineu„
220 4547 323 4624 Tou
350 4545 378 4621 1.
858 4540 884 4607 3
