2606 5008
196 409 274 485 242
446 403 487 478 P.
520 401 775 484 VlllGlLll
805 401 1074 482 MARONIS

194 599 278 670 Nec
293 585 412 686 cytiso
428 599 653 664 saturantur
666 611 777 689 apes,
804 611 880 666 nec
897 585 1045 666 fronde
1060 590 1219 694 capellae.
1240 599 1277 669 30

197 693 333 771 Tristis
347 705 385 768 st
400 690 484 770 illes
512 697 667 768 Tamen
684 691 905 790 cantabitis,
932 693 1117 790 Arcades,
1142 695 1254 796 inquit,

194 797 400 876 Montibus
415 795 514 870 haec
531 797 687 892 vestris,
714 795 788 871 soli
804 807 961 874 cantaro
976 798 1093 897 periti

196 899 376 977 Arcades.
409 899 446 975 Ο
459 899 559 974 mihi
576 912 664 976 tum
680 923 801 1000 quam
813 899 991 976 molliter
1006 923 1091 977 ossa
1106 901 1278 1002 (primunt,

195 1011 334 1082 Vestra
347 1027 462 1078 meos
477 1003 574 1078 olim
586 1003 618 1077 si
634 1001 763 1079 fistula
780 1003 883 1078 dicat
896 1014 1071 1083 amores!

196 1111 325 1209 Atque
338 1108 491 1182 utinam
508 1130 554 1183 es
567 1107 682 1184 vobis
698 1131 821 1204 unus,
848 1110 1049 1212 vestrique
1068 1105 1216 1186 fuissem
1246 1107 1279 1180 85

247 1237 306 1308 52.
334 1246 514 1323 vssrnrs3

228 1405 265 1459 80
282 1421 347 1454 oves
359 1403 455 1453 Monet
471 1419 514 1470 qn.
528 1411 554 1452 et
567 1397 632 1454 nlius
646 1419 695 1471 pro
711 1419 765 1454 rar.
778 1401 838 1454 lect.
903 1403 937 1458 sl
957 1413 988 1454 at
1002 1403 1065 1456 ille:
1085 1406 1192 1461 ranem
1205 1397 1280 1448 ittam

195 1473 286 1525 Servio
301 1473 391 1524 Heius.
425 1469 513 1539 vulgo
527 1471 701 1539 distinguunt:
723 1473 824 1524 Tristis
839 1483 870 1523 at
882 1471 930 1523 ille
950 1485 1058 1524 tannen:
1080 1477 1123 1538 0.,
1140 1471 1212 1523 miuus
1223 1483 1280 1516 vett·

195 1554 249 1606 ste,
267 1542 344 1594 niunt.
374 1545 409 1593 At
420 1558 469 1591 nec
482 1539 591 1592 alterum
603 1541 665 1592 sntis
678 1552 792 1593 venuste.
820 1543 911 1608 (Recte
924 1541 1119 1610 interpuugitur
1131 1543 1185 1594 ille:
1203 1541 1280 1590 Tar-st.

195 1613 213 1664 i.
228 1629 251 1663 e.
268 1610 332 1664 licet
347 1609 440 1674 scians,
464 1609 563 1662 nullum
580 1611 676 1662 suroris
692 1628 750 1662 esse
768 1611 912 1665 remedium
928 1611 955 1662 in
971 1611 1047 1664 luctu
1066 1623 1092 1664 et
1109 1609 1221 1666 lacrimis·
1235 1605 1280 1655 'ml

195 1693 281 1734 tamen
293 1679 430 1748 indulgere
446 1677 506 1732 huic
522 1680 625 1744 dolori,
649 1679 720 1748 qnod
735 1697 808 1732 meos
824 1697 924 1732 amores
944 1699 997 1735 non
1014 1682 1140 1733 tacebunt
1151 1675 1237 1732 Aradii
1248 1691 1280 1750 νῆ

194 1763 288 1802 stores.
326 1753 426 1802 ram
442 1748 468 1800 iu
484 1747 595 1802 solando
611 1749 692 1801 habet
703 1747 803 1800 locum:
822 1753 886 1802 Aen.
899 1749 944 1814 IV,
957 1751 1017 1807 328.
1035 1769 1107 1820 sqq.:
1125 1751 1167 1814 „si
1178 1748 1225 1818 quis
1238 1741 1280 1792 miii

195 1819 316 1888 parvulus
329 1819 646 1882 nsilsLnderetheness,
672 1819 717 1888 qui
733 1830 760 1870 te
776 1827 890 1872 tumen
908 1835 955 1870 ore
970 1819 1101 1882 referret,
1128 1813 1280 1886 Nouequidtm

195 1888 300 1940 omuino
316 1899 392 1957 coptu
405 1907 435 1940 nc
454 1882 559 1940 deserta
577 1885 689 1940 viderer.
699 1891 715 1918 “
743 1887 786 1950 X,
806 1889 867 1943 507.
882 1906 954 1958 sqq.:
981 1893 1027 1953 „0
1050 1889 1127 1942 dolor
1145 1902 1212 1958 stqne
1228 1884 1279 1932 ἀνῶ

194 1975 314 2026 magnum
328 1957 443 2010 rediture
457 1957 574 2026 parenti!
600 1959 672 2012 llaec
684 1969 710 2011 te
742 1957 807 2010 rima
821 1957 877 2008 dies
892 1957 963 2010 bello
979 1958 1072 2021 dedit,
1091 1959 1153 2012 hoec
1167 1955 1280 2009 esdentt·

193 2029 258 2080 lert:
284 2029 369 2090 Quum
391 2037 500 2080 tamen
521 2027 641 2096 ingentes
656 2029 709 2078 llut
738 2045 812 2080 orum
831 2027 927 2095 linquis
943 2030 1091 2080 acervosl“
1126 2023 1280 2080 &semotae

193 2095 346 2150 wanden:
365 2095 515 2162 „Partiouln
533 2111 577 2158 as,
595 2097 704 2150 deorum
720 2095 949 2148 adhortationibus
965 2097 1088 2150 dolorem
1103 2097 1156 2150 eins
1168 2095 1223 2148 nihil
1232 2092 1279 2142 lm·

193 2177 248 2218 tum
260 2184 335 2230 esse,
352 2165 536 2234 significatur.“
559 2165 630 2233 Wr.)
700 2168 736 2223 32
755 2163 897 2220 Montibus
908 2165 962 2217 heu
976 2187 1004 2220 v.
1017 2167 1120 2222 Zulich.
1138 2166 1227 2220 nostris
1237 2161 1278 2210 Vns

194 2245 222 2287 et
242 2253 307 2286 unus
320 2237 416 2288 Moret.
454 2235 530 2298 oli1n3
555 2255 578 2288 c.
591 2255 620 2308 p.
643 2235 711 2288 coni.
725 2236 835 2288 Floreus
849 2235 1020 2288 Christianus.
1051 2239 1149 2308 potati
1158 2235 1280 2306 stesso?

193 2324 272 2374 supra
287 2306 341 2357 Eoi.
357 2309 414 2368 Vll,
432 2305 458 2359 5.
527 2306 563 2360 ³3
582 2307 683 2357 Omihi
695 2325 777 2376 quom
789 2319 846 2358 tum
866 2307 906 2357 rra
951 2307 1077 2358 .Moret.
1108 2319 1162 2358 tum
1175 2317 1252 2355 erasum
1264 2309 1280 2342 ¹¹

193 2375 271 2427 Voss.
300 2393 375 2426 nune
409 2393 471 2428 unm
483 2374 583 2426 Mureti
599 2385 713 2444 quartus.
742 2373 904 2446 quiescenti
925 2392 1036 2427 emcum
1049 2376 1126 2428 Leid.
1139 2381 1280 2445 psum·

193 2443 236 2496 ed.
250 2447 318 2496 Vsu.
332 2445 377 2496 Me
396 2444 442 2496 sol.
457 2453 485 2496 et
498 2443 557 2498 ollis
570 2445 640 2514 npnd
652 2443 779 2509 Pieriam,
796 2445 868 2496 idem
880 2443 970 2508 sous,
989 2447 1064 2514 quod
1073 2447 1191 2498 Cntroetu
1201 2445 1280 2502 recepit

194 2525 221 2566 et
239 2515 322 2566 hubet
341 2514 393 2566 sim
414 2514 450 2566 sd
470 2524 588 2566 nostrum
609 2513 737 2584 loquendi
755 2514 892 2566 rationem.
940 2515 1089 2584 quiescunt
1108 2516 1193 2582 lngus
1209 2501 1280 2560 Morti

193 2584 316 2708 ἓξὲξ.
335 2601 388 2638 see.
409 2593 437 2636 et
454 2583 507 2638 dno
526 2583 650 2636 Leidens.
720 2581 756 2642 ³4
772 2585 880 2638 Nostra
895 2601 936 2654 pr.
950 2583 1062 2638 Mureti.
1091 2587 1132 2638 sic
1142 2580 1231 2654 fistula
1244 2571 1280 2626 ot

144 2793 147 2798 “
193 2815 263 2855 nam
284 2794 464 2854 sententium
486 2793 632 2853 continere
645 2793 737 2854 volu-
778 2793 898 2854 subiicit
917 2792 981 2874 ipse
999 2811 1030 2854 r.
1056 2793 1116 2872 345
1142 2801 1219 2854 emnt
1232 2783 1280 2844 titt

193 2901 268 2942 mus.
289 2879 383 2939 Amor
400 2878 577 2962 χαιρῦκακος
592 2901 654 2939 non
667 2899 737 2938 mo-
777 2881 859 2939 inter
884 2889 1062 2958 srguments
1084 2877 1219 2962 pastoritii
1236 2889 1279 2929 etr·

80 3002 84 3019 ι
194 2967 233 3026 do
249 2967 383 3025 dolorem
405 2973 436 3024 et
457 2968 625 3026 musinium
647 2966 738 3026 mise-
779 2966 887 3026 minis:
921 2965 1000 3024 Galli
1030 2967 1162 3028 inselioes
1193 2973 1280 3022 suom

191 3066 298 3112 ronmt
313 3051 478 3110 amantium
496 3053 539 3112 nil
554 3061 660 3126 curat,
682 3051 738 3110 ssd
780 3049 856 3134 (vid.
873 3051 908 3111 V.
920 3052 953 3110 L.
972 3051 1061 3136 Wr.)

193 3139 283 3196 etism
301 3136 397 3211 ridet,
425 3131 517 3220 ἄγρια
541 3137 677 3212 solutes,
698 3145 737 3196 ut
823 3138 874 3203 35.
896 3138 1030 3198 Duorum
1053 3158 1093 3198 ex
1116 3136 1225 3198 Theocr-
1239 3121 1280 3184 ill

192 3219 332 3282 Moschus
353 3221 441 3302 Idyll.
457 3222 481 3296 I,
502 3227 558 3298 11,
589 3223 736 3300 volupta—
778 3225 829 3288 86.
853 3223 947 3282 stibi
974 3223 1079 3284 locum
1106 3223 1192 3284 hsbst
1214 3229 1279 3276 suus,

192 3318 312 3386 temque
324 3327 362 3366 ex
375 3325 410 3366 eo
422 3308 518 3388 ospit3
539 3325 595 3367 neo
606 3307 737 3366 lacrimis
778 3327 848 3367 num
861 3308 899 3368 ds
910 3319 1032 3389 pastore
1045 3309 1160 3370 dudum
1170 3305 1223 3365 rits
1233 3301 1279 3358 sut·

193 3393 359 3454 amantium
378 3393 508 3453 crudelis
532 3394 595 3453 nius
620 3393 737 3453 suimus
778 3403 828 3453 oto
852 3404 972 3476 sgntur,
1001 3415 1065 3474 quo
1085 3387 1280 3476 supersessis

192 3499 335 3559 umquam
343 3479 471 3538 satietur
483 3487 573 3560 atque
586 3480 736 3560 expletur,
777 3479 883 3539 rivers
891 3481 997 3540 vellet:
1011 3475 1086 3544 αἴθ’
1098 3476 1143 3546 ἐπ’
1154 3479 1216 3560 inssi
1221 3471 1280 3548 istst

193 3575 248 3626 sut
276 3565 316 3625 sd
342 3565 563 3624 miserationem
588 3565 739 3642 vertitur3
779 3564 959 3646 ἐναρίθμιος
975 3560 1093 3646 ὄφελες
1112 3555 1194 3648 sinis·
1211 3553 1279 3630 35¹⁰*

193 3653 232 3714 cl.
251 3671 283 3712 r.
303 3655 353 3716 60.
373 3653 431 3727 61;
462 3650 497 3709 id
525 3650 609 3730 quod
629 3650 739 3711 delnds
780 3648 858 3732 lysis
877 3647 1022 3731 insisteres
1041 3647 1097 3716 ‘tv’
1110 3649 1183 3734 ὄρεα
1195 3641 1278 3716 5¹⁸5*

192 3737 352 3822 pastoritia
386 3755 490 3796 rerum
516 3735 739 3796 assimulatione
780 3733 834 3810 ltin
848 3731 946 3819 αἶγας,
962 3743 1074 3814 φωνᾶς
1088 3723 1278 3818 εἰςαΐονᾈ(

193 3831 292 3886 ornat
779 3819 811 3881 h.
826 3821 846 3881 l.
866 3822 1099 3884 confunduntur
1114 3821 1232 3882 notiones
1246 3827 1278 3866 n-

235 3913 287 3974 81.
309 3909 423 3966 Tamen
436 3903 642 3968 cantabitisA.
650 3928 663 3980 ;
680 3905 737 3964 stsi
779 3915 829 3966 tae
841 3905 1016 3988 pastos-itinn
1030 3918 1063 3968 et
1074 3905 1214 3969 milituis:
1229 3891 1277 3956 0¹1·

192 3991 366 4054 hmortslis
379 3992 423 4051 nil
438 4001 534 4070 curat,
550 4011 648 4070 neque
660 4011 737 4070 que·
778 3993 840 4070 lus,
863 4013 951 4072 quom
965 3993 1068 4054 sdhuo
1078 3991 1277 4073 vidshsmuspff·

191 4079 261 4140 rslis
280 4078 440 4156 quicquam
464 4078 606 4158 praesidii
629 4086 736 4137 contro
778 4087 890 4140 storem
909 4081 942 4139 in
961 4078 1094 4140 Arcadis
1109 4077 1276 4140 subsutfflll

193 4165 256 4224 eius
274 4164 449 4244 ‚superbiam
466 4164 558 4238 inest,
580 4173 683 4222 tamen
696 4159 737 4223 nd
778 4175 867 4224 sntro
882 4175 913 4224 ot
933 4183 1049 4226 umores
1072 4165 1229 4228 dsllnntem,
1244 4167 1276 4210 π’

192 4248 364 4310 leniendum
377 4249 511 4309 dolorem
531 4269 631 4308 meum
643 4269 679 4307 no
690 4249 735 4308 le-
776 4259 867 4330 pente
879 4251 911 4310 in
925 4269 1004 4334 seqq.
1021 4252 1059 4311 fit
1074 4247 1193 4310 milesio
1208 4239 1274 4314 'fill'

193 4333 329 4395 vandum
361 4335 478 4411 saciet,
518 4335 542 4394 si
576 4333 735 4394 cantabitis
777 4337 966 4416 expeditione
977 4357 1110 4398 versem
1141 4327 1276 4394 ludidort·

192 4419 281 4481 hoec:
303 4439 325 4479 s.
341 4439 417 4497 quse
430 4429 608 4498 sequuntur,
631 4441 653 4479 s.
668 4421 734 4480 for·
777 4431 827 4482 cto
846 4443 881 4482 so
898 4423 1022 4503 simpliu'
1043 4423 1099 4482 vix
1114 4420 1181 4479 hsec
1192 4403 1275 4474 „ntis

192 4517 299 4568 tunam
317 4521 419 4582 suam,
454 4523 671 4582 monstruos,
698 4513 735 4566 ut
775 4509 906 4588 probaro
917 4517 1057 4590 possuit,
1072 4517 1103 4568 st
1117 4489 1275 4566 madauris
