2784 4988
211 390 310 445 mn
510 369 584 442 EX
610 364 1040 442 PRAEFATIONE

212 556 281 658 qui
303 554 457 630 nonita
476 554 659 628 omnium
682 552 865 628 manibus
889 553 1047 648 teritur,
1074 563 1249 626 autnon
1267 550 1336 626 nisi

212 687 234 736 a
266 655 560 734 callentioribus
585 671 626 732 et
656 657 899 734 doctioribus
926 657 1087 754 legitur,
1124 678 1215 734 non
1240 653 1335 728 milri

211 760 440 838 faciendum
457 783 545 835 esse
559 773 753 860 putarem,
778 773 925 835 utnon
939 758 1066 834 modo
1085 757 1138 833 ad
1154 783 1214 854 ea,
1238 781 1334 858 quae

213 863 388 942 difficilia
411 863 460 939 ad
483 862 787 962 intelligendum
809 876 849 938 et
867 863 1034 938 obscura
1054 876 1170 953 sunt,
1197 885 1335 936 verum

150 1040 153 1046 .
213 970 263 1046 ad
287 967 348 1044 illa
373 968 491 1043 ctiam
514 967 732 1064 legentium
759 969 912 1042 animos
935 965 1210 1060 adverterem,
1237 989 1334 1064 quae

212 1072 348 1174 pulcra
370 1072 411 1146 in
437 1083 556 1170 poeta
585 1085 624 1146 et
643 1069 840 1171 praeclara
867 1071 1089 1170 insignique
1113 1069 1249 1168 aliqua
1271 1091 1334 1142 ve-

212 1188 368 1252 nustate
392 1173 595 1248 nobilitata
616 1188 725 1270 sunt,
759 1187 804 1250 ut
824 1173 986 1269 iisdem,
1023 1174 1063 1246 in
1091 1171 1176 1248 aliis
1198 1171 1332 1274 poetis,

211 1281 294 1356 sive
314 1277 570 1354 observandis
584 1301 627 1352 ac
645 1251 997 1378 depre‘lrendendis
1012 1277 1093 1350 sive
1115 1274 1333 1351 diiudican-

212 1383 293 1478 dis,
327 1381 616 1458 adsuescerent.
670 1385 799 1476 Quam
814 1382 1077 1481 interpretum
1093 1380 1180 1454 sive
1200 1377 1332 1452 soller-

212 1488 308 1562 tiam
326 1487 406 1562 sive
439 1484 672 1560 industriam
694 1509 786 1563 cum
810 1509 928 1585 saepe
947 1485 987 1558 in
1005 1481 1150 1584 puerili
1164 1481 1331 1558 lectione

213 1588 487 1682 desiderarim,
506 1587 674 1662 aliorum
690 1590 791 1663 votis
806 1587 998 1662 similibus
1011 1586 1100 1660 satis
1115 1584 1331 1662 facerehoc

213 1695 393 1812 institugo
408 1689 537 1786 volui,
566 1689 764 1791 simulque
784 1690 1009 1791 exemplum
1029 1713 1264 1790 proponere
1280 1688 1329 1780 iis,

214 1797 282 1899 qui
304 1793 375 1870 alra
398 1794 506 1868 bona
527 1793 730 1893 disciplina
750 1797 811 1869 usi
830 1820 914 1869 non
937 1806 1048 1888 sunt,
1084 1806 1131 1867 ut
1152 1793 1329 1886 habeant,

214 1899 264 1975 ad
283 1897 395 2000 quod
415 1922 457 1972 se
476 1911 738 1998 componant,
766 1899 797 1972 si
819 1899 859 1974 in
881 1896 1040 1973 iuvenili
1058 1911 1181 1973 coetu
1200 1908 1328 1996 poetas

212 2001 447 2104 praelegunt
464 2014 505 2075 et
519 2000 839 2100 interpretantur.
882 2005 1136 2100 Quamquam
1153 2001 1261 2075 enirn
1275 1996 1331 2072 illa

212 2107 312 2182 ratio
341 2102 583 2180 difficultatis
607 2104 869 2205 aliquantum,
896 2102 1029 2204 paullo
1051 2103 1143 2203 plus
1158 2104 1277 2180 etiam
1293 2101 1329 2174 iu

212 2235 254 2286 se
280 2208 418 2302 habet,
453 2233 573 2307 quam
596 2209 832 2308 promittere
863 2207 1041 2300 videtur;
1082 2209 1171 2283 sine
1193 2204 1258 2280 tali
1279 2217 1330 2277 ta·

211 2338 308 2388 men
324 2311 659 2410 interpretationis
674 2334 822 2408 genere
848 2311 909 2386 vix
927 2309 1033 2386 ullus
1051 2320 1170 2425 vq'us
1187 2307 1329 2384 fructus
1373 2359 1374 2366 κ

160 2487 166 2494 .
213 2417 263 2492 ad
285 2414 518 2514 elegantiam
545 2427 585 2490 ct
609 2415 755 2512 ingenii
774 2413 1086 2516 perpolitionem
1107 2427 1176 2490 aut
1194 2411 1328 2490 oratio-

211 2522 272 2595 nis
289 2519 589 2596 exornationem
606 2542 651 2594 er
667 2530 812 2620 poetae
826 2518 999 2594 lectione
1017 2519 1102 2618 capi
1117 2528 1261 2619 potest.

296 2729 419 2802 Poeta
433 2726 517 2826 ipse
537 2751 583 2802 cx
593 2725 810 2802 Burmanni
824 2725 1071 2824 recensione,
1089 2749 1193 2828 quae
1216 2719 1328 2798 Hein-

211 2832 361 2905 sianam
383 2831 579 2930 sequitur,
610 2831 727 2906 unice
748 2855 951 2930 expressus
975 2833 1101 2924 est*);
1132 2854 1209 2904 nec
1229 2824 1327 2926 quic-

212 2959 333 3034 quam
351 2935 391 3007 in
411 2947 595 3008 contexto
612 2947 828 3027 mutatum3
859 2959 942 3008 non
960 2932 1071 3035 quod
1089 2957 1175 3008 non
1195 2931 1278 3004 loca
1293 2925 1327 2998 in

210 3035 374 3132 Virgilio
392 3035 522 3110 adhuc
546 3049 612 3110 aut
626 3037 779 3112 mendo
797 3049 863 3112 aut
882 3037 1021 3112 mendi
1037 3035 1261 3138 suspicione
1279 3029 1327 3102 la-

209 3138 355 3212 borare
378 3137 615 3232 existimem,
643 3164 784 3214 verum
809 3141 1001 3240 quoniam
1022 3163 1165 3238 magna
1194 3138 1327 3212 harum

212 3239 507 3316 correctionum
526 3265 616 3339 pars
645 3241 694 3316 ad
713 3266 874 3317 sensum
898 3269 1040 3343 pamm
1062 3255 1230 3344 spectat,
1260 3255 1327 3311 nec

208 3344 361 3446 ubique
394 3341 444 3418 ad
478 3345 666 3419 orationis
698 3344 950 3444 elegantiam,
992 3345 1063 3423 sed
1099 3345 1327 3446 plerumque

210 3449 252 3522 in
277 3445 408 3522 verbis
435 3459 475 3522 et
497 3444 681 3524 formulis
703 3463 899 3545 versatur,
939 3450 980 3524 in
1006 3451 1150 3552 quibus
1178 3438 1326 3532 librarii,

209 3551 471 3650 grammatici,
507 3551 648 3648 critici,
687 3566 727 3628 et
756 3551 931 3628 editores
957 3553 1202 3630 contendere
1233 3551 1328 3624 iuter

209 3679 252 3731 se
279 3655 427 3753 solent,
466 3667 512 3730 ut
535 3655 647 3758 quod
679 3654 775 3732 alius
801 3657 989 3758 eiecerat,
1035 3657 1133 3734 alter
1164 3657 1325 3731 revocet

209 3880 336 3939 ducat.
380 3881 510 3962 Ideoque
530 3885 641 3960 optime
661 3888 749 3944 harti-
792 3899 856 3957 tur5
885 3887 1002 3944 interm
1031 3898 1060 3943 et
1081 3883 1261 3943 sublunitate
1276 3873 1325 3931 lte·

209 3978 307 4024 tutum
319 3978 381 4040 est,
405 3967 491 4026 atad
506 3967 638 4028 Homero
658 3984 748 4050 atqua
790 3975 867 4030 ποίει·
880 3973 1023 4030 cummis
1043 3973 1164 4028 antonus
1179 3968 1322 4038 mangot

209 4049 333 4129 Virgilio
347 4051 434 4109 lectio
449 4055 608 4132 deciperem
639 4077 750 4135 quarn-
793 4069 822 4114 et
840 4077 877 4114 ex
897 4055 1110 4134 ntegru'tudr'na
1130 4071 1228 4113 runem
1242 4043 1323 4124 epid·

209 4158 302 4216 quam
335 4137 380 4194 od
413 4139 625 4216 uuelligcndaa
650 4161 751 4198 eonem
792 4153 857 4198 tum
878 4143 989 4216 drtcat,
1020 4153 1049 4200 el
1072 4140 1192 4218 optirna's
1212 4129 1324 4193 ΜΨ

208 4221 472 4295 vututecfitmr'ore
491 4224 602 4283 ἰαιίἱεὶο
619 4245 750 4304 opu-res-
792 4237 850 4284 tur.

207 4320 262 4366 set.
309 4307 370 4365 Sed
380 4305 452 4364 huic
464 4311 508 4366 rei
522 4323 653 4386 superest
673 4325 749 4369 tena-

202 4414 283 4471 pus:
318 4381 412 4472 nequ'e
435 4395 513 4450 erunt
534 4396 627 4454 soant
644 4397 748 4474 lagen·
835 4391 861 4476 *)
885 4395 919 4454 ln
947 4395 1044 4476 prima
1064 4395 1176 4455 scilicet
1196 4383 1321 4448 editione·
