2606 5008
196 407 272 484 eet
454 398 1087 492 r.v1no1n11ulnon1s

196 595 280 668 Hos
295 587 348 664 illi
367 585 496 688 (quod
514 585 860 682 necvertatbene)
875 585 1072 662 mittimus
1092 584 1247 664 haedos.

197 719 230 773 n.
247 697 365 772 Certe
380 689 570 792 equidem
581 689 795 786 audieram,
866 713 941 764 ase
957 689 1180 765 subducere
1198 690 1293 764 colles

196 797 414 896 Incipiunt,
440 793 635 894 mollique
652 795 789 891 iugum
834 792 1016 868 emittere
1037 791 1150 888 clivo,

197 905 333 1001 Usque
354 897 404 974 ad
426 923 588 1000 aquam,
616 911 657 974 et
674 901 848 992 veteres,
877 896 956 971 iam
970 891 1092 972 fracta
1109 897 1293 986 cacumini

780 997 903 1097 fagos,

252 1132 286 1204 6.
311 1145 412 1198 nunc
425 1142 581 1198 mnrrtr
693 1142 698 1151 ·

199 1333 268 1384 leod.
282 1343 308 1384 et
318 1330 346 1383 in
359 1330 432 1400 nipi.
446 1329 500 1382 obl.
535 1331 604 1381 Sors
623 1338 731 1380 eventui
751 1337 808 1394 eit,
832 1345 886 1380 non
905 1327 964 1396 ipse
978 1327 1018 1380 vie
1030 1327 1096 1390 fati3
1121 1346 1195 1398 quise
1213 1346 1262 1380 non
1272 1339 1297 1378 et

198 1403 319 1454 Latinum
342 1411 524 1454 conversat.
560 1399 657 1450 Contra
678 1402 748 1450 Foro
770 1397 899 1466 significet
917 1416 1018 1450 coecum
1039 1399 1168 1468 quandem
1187 1399 1253 1457 rim,
1271 1415 1296 1447 re

199 1475 323 1526 humanat
335 1479 436 1522 temere
454 1488 484 1520 nc
498 1467 570 1519 nullo
584 1468 695 1519 concilio
710 1480 859 1536 regentem,
881 1467 954 1519 nolle
970 1477 1057 1519 tamen
1073 1468 1189 1520 adiuncta
1207 1482 1250 1520 out
1260 1469 1297 1518 lie-

199 1541 293 1604 dendi,
311 1552 355 1592 out
365 1539 471 1590 iuvandi
481 1537 606 1600 notione3
624 1555 704 1607 quare
717 1538 816 1588 nullum
828 1555 936 1608 unquam
947 1537 1009 1589 huic
1021 1537 1122 1589 nomini
1134 1537 1249 1590 adiicitur
1258 1537 1297 1604 epi·

200 1613 300 1665 theton.
335 1611 397 1662 Nou
412 1619 470 1659 cunt
483 1607 562 1674 igitur
576 1606 637 1658 huic
651 1607 728 1674 plene
741 1625 885 1688 synonyme
899 1607 1049 1658 Fortuna
1064 1617 1091 1658 et
1105 1610 1225 1659 Fatum.
1254 1607 1297 1658 Hinc

199 1690 326 1750 apparet,
343 1697 393 1730 nec
406 1681 488 1740 Foro,
506 1695 554 1727 nec
568 1680 662 1729 trister
676 1677 869 1728 sollicitandum
883 1694 948 1728 esse.
975 1677 1036 1728 Vid.
1052 1677 1132 1728 etium
1144 1675 1297 1728 Peldumunl

199 1753 317 1818 Propert.
330 1765 391 1815 peg.
406 1745 465 1800 240.
494 1744 566 1811 Wr.)
636 1749 653 1801 6
670 1765 725 1798 non
741 1745 849 1798 benev.
870 1763 934 1796 unus
949 1747 1055 1798 Moreti.
1091 1765 1143 1799 nec
1155 1761 1243 1798 vertat
1255 1747 1298 1796 leit

199 1822 302 1886 Meneg.
325 1827 353 1868 et
370 1815 450 1868 Pierii
468 1815 580 1883 Oblong.
617 1816 678 1884 (nec
698 1828 790 1867 vertat
811 1813 877 1868 tene
898 1815 976 1866 etiem
990 1816 1086 1868 Medic.
1109 1825 1135 1868 et
1148 1818 1222 1868 llefu.
1235 1818 1259 1867 C
1271 1835 1297 1896 ip

199 1891 292 1949 νοω
315 1887 400 1937 recte!
426 1897 453 1936 et
469 1885 574 1953 recepi,
594 1903 628 1936 ue
642 1884 738 1936 diutius
753 1885 892 1936 laedantur
911 1885 1104 1954 elegantiorem
1116 1903 1188 1938 auree
1203 1887 1298 1957 penio!

198 1974 326 2010 nomene:

364 2025 421 2074 ilde
438 2019 478 2073 illi
493 2023 498 2090 Ι
514 2022 585 2092 quod
601 2024 652 2074 ude
670 2023 738 2074 bene
754 2034 839 2076 vertat
852 2024 857 2090 Ι
872 2023 993 2076 mittimus
1010 2025 1122 2077 hoedos.

200 2099 297 2158 Unum,
314 2094 384 2164 quod
396 2101 534 2161 praeterea
548 2092 618 2160 apud
626 2093 765 2161 Virgilium
777 2103 871 2154 exstet,
883 2093 1000 2162 rhythmi
1016 2095 1111 2146 eodem
1125 2093 1187 2145 vitio
1198 2095 1297 2145 titoni

198 2165 235 2219 tis
247 2163 393 2231 exemplum
407 2161 564 2213 correximus
579 2177 626 2212 suo
641 2162 715 2228 loco,
732 2169 796 2215 Aen.
810 2163 847 2228 Χ,
861 2165 904 2218 51.
939 2163 1022 2214 Pravo
1034 2166 1175 2216 verborum
1187 2161 1297 2214 collocatio

199 2235 230 2287 h.
243 2234 262 2286 l.
278 2245 335 2284 orte
352 2250 384 2282 ex
403 2231 496 2284 usitata
510 2231 637 2282 formula:
662 2234 736 2302 quod
754 2231 820 2284 bene
839 2244 940 2283 uertat.
975 2235 1027 2284 Sed
1044 2235 1154 2285 Terent.
1167 2231 1297 2300 Adrlpltll

201 2309 225 2369 1,
241 2305 298 2359 82:
320 2319 408 2370 „qnae
420 2318 463 2351 ree
479 2299 527 2351 tibi
537 2311 655 2352 vortat
667 2302 783 2353 male.“
818 2301 928 2352 Vossiue
943 2301 1049 2371 quidem
1062 2304 1173 2354 eundem
1187 2303 1297 2353 verboru

199 2373 319 2426 ordinem
333 2371 454 2446 cullibet,
471 2387 548 2439 quem
561 2387 625 2432 noe3
649 2371 710 2432 ced,
728 2369 799 2438 quod
814 2370 916 2422 mireris
930 2370 957 2422 in
974 2371 1082 2424 homine
1098 2373 1296 2424 eruditissimi

200 2443 316 2505 aurium,
339 2457 393 2492 uou
413 2439 491 2491 eliam
512 2439 546 2490 ob
560 2457 677 2504 censum,
702 2457 778 2509 quem
798 2439 869 2507 quod
883 2441 966 2493 rarius
986 2441 1025 2493 cic
1043 2443 1134 2509 posita
1155 2441 1296 2494 invenimur.

199 2514 272 2565 ldem
284 2523 379 2564 vortat
394 2509 491 2572 edidit3
509 2519 580 2560 recte
595 2511 723 2574 fortasse,
740 2509 803 2560 licet
818 2527 832 2559 e
845 2509 916 2561 nollo
928 2511 1020 2562 codice
1032 2521 1177 2564 euocatum.
1206 2513 1297 2562 Cotem

199 2583 254 2635 rid.
268 2584 300 2645 Q.
312 2583 345 2634 V.
360 2581 484 2642 xxxn,
502 2580 527 2634 8.
557 2579 628 2645 Wr.)
665 2577 738 2650 duod
757 2579 936 2647 superscripto
953 2600 968 2632 e
984 2581 1080 2633 Medic.
1153 2583 1196 2650 l—
1211 2583 1233 2635 7.
1248 2597 1296 2650 prior

200 2651 296 2704 Medic.
311 2669 326 2702 e
340 2667 374 2701 m.
388 2667 430 2716 pr.
452 2649 524 2716 Wr·)
594 2649 769 2720 81ncipiant
789 2647 869 2700 Goth.
891 2666 943 2700 sec.
978 2651 1118 2702 dimittere
1139 2651 1215 2703 Goth.
1234 2667 1265 2718 pr.
1281 2655 1296 2696 et

200 2732 300 2789 septem
314 2739 355 2788 ap.
370 2720 472 2783 Burni„
489 2727 552 2768 nota
564 2717 718 2768 variatione.
786 2718 805 2771 9
822 2717 914 2769 Lectio
928 2719 994 2770 haec
1008 2720 1043 2770 eb
1057 2721 1169 2772 Heinsio
1182 2719 1295 2772 eMedioct

200 2792 314 2859 probate
328 2799 356 2839 et
368 2807 384 2840 e
395 2790 480 2838 Burm.
493 2785 626 2854 reposita,
651 2787 690 2838 uti
708 2797 734 2837 et
748 2785 776 2836 in
791 2787 857 2838 out
873 2799 952 2839 avet.
966 2807 1041 2840 manu
1057 2792 1218 2842 emendatum
1231 2791 1294 2838 loeta

201 2870 230 2912 et
243 2859 282 2912 oio
296 2857 350 2910 Ecl.
365 2859 396 2922 tt,
410 2859 428 2912 3
445 2859 519 2909 inm
531 2857 648 2922 densae,
672 2854 799 2909 umbrosa
810 2859 965 2922 carnotina,
977 2856 1082 2930 sagon
1105 2859 1187 2912 multo
1205 2859 1295 2910 umis·

201 3033 376 3093 debentee.“
402 3028 486 3113 Wr.)
536 3035 565 3096 6.
588 3031 671 3111 quod
688 3053 742 3090 nec
783 3032 826 3092 les
841 3031 1001 3106 dicunmr,
1024 3035 1129 3112 quiex
1143 3029 1296 3110 altoinplt·

200 3119 271 3178 bene
284 3130 379 3178 vertat
390 3127 486 3195 „quoe
496 3136 544 3179 rec
555 3117 588 3176 in
599 3117 660 3176 eius
670 3135 742 3196 per·
784 3137 858 3178 num
872 3117 1077 3196 deducuntur,
1091 3113 1296 3188 demetunt&

200 3204 309 3263 niciem
328 3206 497 3262 vertetur.“
527 3206 611 3263 Serv.
650 3203 743 3277 Quod
783 3203 900 3280 Burm.;
933 3203 1025 3264 iidem
1052 3207 1142 3266 colles
1171 3207 1296 3264 demum

199 3290 277 3350 mele
300 3287 326 3346 ei
349 3289 400 3364 sit,
431 3308 500 3347 cum
527 3289 741 3370 imprecatione
784 3293 891 3368 iugum
903 3291 990 3348 nielli
997 3293 1096 3367 clivo,
1121 3291 1297 3351 cumdouur

200 3377 274 3438 novi
287 3371 369 3450 heri,
392 3375 441 3434 cui
458 3373 547 3435 haedi
566 3396 604 3434 ex
625 3397 695 3454 agro
709 3375 741 3436 in
784 3375 868 3434 collis
883 3375 1015 3436 molliter
1034 3377 1148 3438 declive
1168 3365 1297 3436 tenent

200 3463 307 3524 urbem
320 3461 500 3541 apportandi
514 3471 595 3520 eunt.
624 3459 742 3542 (Mitti-
783 3461 938 3541 plenitiem
953 3471 984 3520 et
997 3461 1029 3522 fl.
1043 3463 1187 3524 Mincium
1200 3462 1297 3520 descen·

201 3571 268 3607 mue
283 3548 414 3627 explico:
434 3548 545 3626 egimus
561 3547 686 3622 absenti,
702 3546 742 3605 ed
784 3567 850 3605 eum
877 3548 1029 3627 praebeat„
1086 3553 1189 3628 Pagos
1212 3547 1297 3604 tractu

201 3635 372 3708 absentem,
401 3641 508 3711 utpote
532 3633 564 3690 in
585 3633 661 3691 urbe
686 3631 741 3690 de-
783 3641 857 3713 pute
879 3652 932 3691 seu
950 3635 982 3692 vi
1000 3633 1102 3694 hostili
1122 3635 1240 3702 excisas,
1259 3641 1299 3684 ιω

200 3730 319 3800 gentem
335 3717 505 3794 dominum,
525 3737 581 3776 nec
602 3719 661 3777 ulio
679 3719 741 3779 sere
782 3718 913 3798 procella
924 3727 955 3778 et
964 3729 1129 3798 vetustate,
1143 3717 1218 3800 quod
1228 3729 1299 3794 pm·

201 3825 291 3865 censu
312 3805 371 3863 dici
390 3802 449 3862 hoo
472 3803 622 3883 putarim,
650 3824 740 3882 quam
785 3813 854 3864 ctat.
895 3801 946 3884 (Et
961 3805 1004 3864 iio
1016 3806 1140 3886 intelligi
1154 3797 1301 3865 haecine

202 3893 326 3969 inseriae
341 3892 469 3963 minem,
491 3889 510 3947 i.
527 3909 551 3947 e.
570 3889 649 3947 serre
666 3890 744 3948 inse-
784 3890 934 3968 particula
963 3894 1045 3966 mm,
1081 3893 1121 3951 ed
1143 3893 1301 3951 vetustum

201 3977 277 4050 rius,
300 3994 376 4053 quae
393 3987 447 4055 per
466 3975 618 4032 tumulum
640 3974 680 4032 ad
694 3975 744 4033 in-
784 3975 949 4035 reserenda.
1000 3975 1045 4036 Ac
1067 3979 1145 4058 sagos
1163 3977 1229 4035 istos
1248 3979 1301 4026 ter-i

202 4061 279 4119 seros
293 4059 462 4120 devenient.
489 4057 572 4142 Wr.)
786 4061 858 4120 mini
873 4061 939 4120 loco
955 4061 1054 4138 luisse,
1071 4049 1301 4144 pobatvossiusl

245 4149 275 4208 7.
297 4146 395 4204 Situm
415 4145 477 4223 agri
492 4145 646 4224 virgiliani
667 4154 742 4226 puto
787 4147 969 4208 colllloret.
983 4149 1036 4230 Ep.
1048 4149 1086 4226 ll,
1101 4155 1129 4224 2,
1144 4151 1222 4212 170.:
1236 4151 1298 4212 „tm

202 4229 291 4288 luisse
312 4229 409 4304 hunc,
431 4240 467 4290 ut
484 4231 533 4290 ille
552 4231 623 4290 inde
643 4251 660 4288 u
678 4233 742 4291 col·
783 4233 913 4314 populus
938 4235 1034 4294 adsita
1062 4236 1147 4296 nertii
1167 4223 1300 4290 umiutu

202 4315 276 4374 lium
293 4313 370 4373 clivo
389 4337 484 4394 usque
503 4317 542 4374 ud
554 4317 695 4375 Mincium
711 4319 741 4376 ss.
783 4319 881 4380 vicine
893 4321 1001 4400 refugit
1013 4323 1138 4404 iurgin.“
1163 4311 1242 4390 ll'r.)
1270 4303 1300 4360 [Ι

203 4409 233 4458 et
247 4400 329 4477 fugos
343 4401 384 4459 ibi
399 4411 478 4460 satae
490 4403 680 4482 pertingeret.
704 4403 742 4462 cs.
783 4405 883 4483 priore
902 4425 1043 4482 agnoscas
1061 4405 1244 4466 imitationem
1256 4393 1297 4448 ll·

202 4485 264 4546 Ed.
279 4485 303 4562 1,
316 4485 358 4550 52
372 4486 441 4545 Not.
463 4487 621 4546 oiibducere
635 4507 665 4546 se
678 4488 742 4547 col·
784 4507 888 4548 rorum
907 4487 1019 4550 valerii
1032 4491 1119 4550 Probi
1132 4493 1172 4552 26
1199 4487 1238 4543 'fl‘
1254 4496 1295 4532 Μ·
