2710 4998
224 371 271 424 xc
522 350 631 426 ΤΙΒ.
663 350 744 427 GL.
778 351 1012 427 DONATI

226 551 305 618 tate,
331 539 372 600 sd
393 539 543 600 Bucolica
564 542 698 602 uendit:
726 542 856 602 maxims
880 551 916 602 ut
934 541 1069 602 Aristium
1090 542 1267 617 Pollionem,
1292 543 1337 604 sl-

225 626 360 709 phenum
375 625 512 704 Varum,
536 636 567 686 et
581 629 752 690 Cornelium
771 629 890 688 Gallum
906 629 1083 690 celebraret:
1115 631 1185 708 quia
1199 630 1231 689 in
1245 630 1337 688 distri·

224 713 351 773 butione
378 730 539 791 agrorum,
573 715 625 792 qui
653 725 723 795 post
750 714 967 796 Philippensem
993 707 1150 775 notoriam
1185 719 1337 790 veteranis,

226 799 470 860 Triumvirorum
497 799 596 875 iussu,
622 809 707 860 treus
729 801 845 861 Padum
871 800 1101 876 dividebantur,
1129 801 1296 860 indemnem
1314 821 1338 859 se

183 894 217 949 st
225 885 451 968 praestitissent.
500 885 614 944 Deinde
644 887 794 964 Georgica
817 887 849 945 in
869 885 1016 946 honorem
1045 887 1227 947 Maecenatis
1248 888 1337 962 edidit,

226 993 295 1032 cum
309 971 364 1030 sibi
376 970 505 1030 vixdum
518 980 592 1030 noto
605 991 691 1052 opem
702 973 828 1047 tulisset,
851 971 995 1032 adversus
1009 973 1126 1032 Claudii
1142 975 1279 1034 veterani
1290 974 1336 1032 mi-

224 1059 301 1134 litis,
322 1057 387 1132 rel,
408 1066 445 1116 ut
457 1057 507 1116 alii
520 1067 647 1138 putant,
668 1057 750 1118 Arrii
761 1058 961 1134 centurionis,
990 1059 1184 1136 violentiam,
1208 1081 1226 1118 a
1240 1081 1295 1138 quo
1310 1061 1337 1116 in

181 1144 418 1205 sententious
435 1141 498 1202 litis
518 1144 649 1223 agrariae
668 1164 776 1224 parum
798 1143 893 1202 abluit
914 1145 987 1222 quin
1001 1145 1200 1206 occideretur.
1242 1145 1336 1204 Novis·

224 1231 296 1290 sime
310 1238 412 1288 autem
424 1229 587 1288 Amnem
600 1249 750 1310 aggressus
763 1239 823 1306 est,
845 1239 1052 1309 argumentum
1068 1231 1190 1290 varium
1197 1276 1207 1307 ,
1229 1241 1259 1289 et
1269 1231 1336 1288 mul-

222 1316 341 1397 tiplex,
372 1324 404 1374 et
421 1315 506 1393 quasi
523 1317 680 1375 amborum
702 1317 825 1376 Homeri
854 1316 1022 1375 carminum
1045 1317 1162 1376 instar:
1196 1327 1336 1397 praeterea

221 1402 394 1463 nominibus
408 1421 444 1460 ac
454 1401 544 1462 rebus
559 1403 680 1462 Graecis
692 1403 862 1480 Latinisque
877 1411 1049 1478 commune,
1072 1413 1103 1462 et
1121 1403 1244 1482 inquo,
1266 1401 1336 1481 quod

221 1489 352 1550 maxime
376 1486 533 1565 studebat,
562 1489 713 1548 Romanae
736 1489 824 1549 simul
840 1488 924 1548 urbis
945 1498 975 1547 et
997 1488 1126 1569 Augusti
1145 1489 1229 1570 origo
1251 1487 1336 1548 conti-

219 1583 354 1634 neretur.

177 1656 213 1711 ³³
308 1660 363 1718 lx.
385 1659 461 1742 Crem
491 1657 635 1738 Georgica
661 1660 827 1736 scriberet,
864 1661 999 1720 traditur
1025 1659 1162 1739 quotidie
1191 1659 1335 1720 meditatos

221 1764 311 1804 mane
333 1745 478 1825 plurimos
500 1763 606 1805 versus
626 1744 738 1806 dictare
757 1747 878 1822 solitus,
907 1767 943 1805 ac
961 1765 1017 1827 per
1034 1755 1136 1806 totum
1158 1745 1238 1806 diem
1250 1755 1334 1804 retra·

221 1830 334 1890 ctando
347 1831 387 1890 ad
400 1829 592 1910 paucissimos
605 1831 747 1912 redigere,
769 1853 831 1894 non
844 1831 974 1892 absurde
988 1851 1109 1892 carmen
1123 1851 1155 1890 se
1166 1851 1254 1890 ursae
1266 1847 1334 1888 more

176 1931 328 1997 s4parcre
342 1917 453 1992 dicans,
474 1925 504 1975 et
517 1915 676 1978 lambendo
689 1918 809 1978 demum
825 1919 971 1996 effingere.
1014 1915 1148 1976 Aeneida
1163 1937 1254 1996 prosa
1263 1915 1332 1996 prim

220 2005 358 2064 oratione
382 1999 558 2080 formatem,
581 2003 783 2084 digestamque
802 2005 833 2064 in
848 2004 905 2062 Xll
919 2004 1027 2080 libros,
1048 2003 1253 2083 particulatim
1264 2019 1333 2060 oom-

220 2176 349 2229 dicamut.
367 2194 393 2228 v.
413 2176 502 2228 Schol.
519 2179 612 2230 Horat.
632 2179 682 2247 Ep.
698 2179 718 2240 l,
735 2177 763 2242 4,
803 2180 908 2250 gerice:
932 2179 992 2248 lpse
1006 2178 1074 2230 aries
1090 2177 1240 2230 etiamnunc
1250 2175 1332 2228 vellen

219 2247 247 2312 3,
265 2261 342 2316 quem
362 2246 503 2298 illustrauit
522 2247 626 2299 Ruhnk.
645 2248 680 2299 ad
694 2247 763 2300 vel·
804 2249 893 2301 siccat.
928 2249 1003 2299 Goui'.
1018 2247 1129 2298 eundem
1144 2248 1179 2300 ed
1193 2247 1247 2298 Ecl.
1265 2247 1283 2308 l,
1298 2241 1331 2296 ld

220 2315 265 2367 lei.
284 2335 311 2385 p.
332 2317 385 2372 ³68
400 2333 457 2368 oum
475 2315 559 2368 altero
574 2317 634 2368 loco
653 2317 762 2369 neronis
804 2319 856 2383 ΙΙΙ,
874 2316 918 2372 94.
935 2319 992 2382 ΙΧ,
1010 2319 1036 2372 6.
1053 2317 1097 2371 23.
1131 2319 1196 2368 Non
1210 2315 1331 2368 admodum

220 2385 282 2468 adl
295 2391 377 2468 parm.
397 2389 439 2468 lo,
458 2387 510 2468 62.Ι
535 2387 575 2437 De
584 2386 681 2470 primis
696 2386 763 2469 Vir·
805 2387 956 2470 discrepant
973 2405 1019 2453 ea,
1042 2405 1108 2468 qnae
1128 2385 1196 2438 alius
1211 2387 1331 2438 amnas-

221 2454 763 2596 tltttt’ssttttltfflttittttt
804 2456 1240 2579 ttt¹5¹¹tlt¹tt⁸ttlfil
1257 2454 1332 2574 ΙΙΙ

223 2596 316 2648 When
328 2597 399 2664 first
416 2615 519 2667 young
539 2597 622 2649 Maro
641 2615 715 2668 sung
735 2595 771 2668 os
806 2597 919 2668 eclogae
936 2599 976 2649 ita
991 2607 1147 2666 exponunt:
1174 2597 1331 2646 caminat-

220 2667 313 2737 Ilings
339 2666 396 2718 and
421 2668 522 2729 Wars,
554 2669 612 2718 Ere
635 2668 765 2738 warning
805 2668 920 2719 nitatem
986 2683 1079 2718 rorum
1101 2665 1239 2736 Virgilius
1266 2665 1270 2674 '
1307 2679 1331 2711 e·

219 2733 463 2788 Plsoebustoucle’d
474 2733 655 2788 bistremblin
683 2739 764 2803 Ears,
805 2747 923 2802 trasset,
976 2747 1052 2787 sest
1068 2747 1167 2786 exorta
1190 2736 1226 2788 de
1239 2680 1331 2801 fidibus

219 2804 347 2875 Perhaps
363 2805 398 2856 lte
417 2805 515 2857 seem'rl
532 2803 619 2857 above
637 2817 649 2856 t
668 2824 684 2857 e
703 2808 765 2858 Gri-
805 2807 879 2856 inter
898 2823 958 2857 enm
978 2817 1007 2856 et
1024 2821 1086 2868 eos,
1110 2805 1203 2874 quiin
1243 2803 1331 2854 rosina

218 2876 270 2926 ties
284 2875 352 2926 Lusa
367 2884 415 2926 etc.
531 2915 535 2921 .
805 2892 891 2954 agros
909 2887 1086 2946 acceperant3
1110 2891 1144 2925 ex
1165 2823 1263 2944 φαίΙΡω
1280 2871 1330 2922 Clo·

254 2945 370 2994 manime
391 2955 422 2994 ut
440 2973 473 2982 -
493 2943 551 2995 lloc
572 2943 762 2996 Grammaticus
804 2945 869 2995 drus
882 2945 992 3014 quidam
1004 2943 1087 3006 dreit,
1112 2959 1142 2994 se
1157 2963 1259 2996 omnem
1269 2941 1330 2993 litem

220 3010 282 3062 hinc
298 3011 508 3076 comminiscitur,
526 3012 588 3080 quia
598 3013 682 3065 Asinii
696 3013 762 3066 Pol·
803 3025 1010 3083 amputaturum
1036 3011 1184 3082 intersecto
1214 3011 1329 3084 Virgiliat

219 3078 300 3130 lionis
321 3081 376 3132 Ilei.
395 3083 444 3145 ΙΙΙ,
466 3082 508 3136 84.
527 3083 573 3148 1v,
594 3085 636 3137 12.
653 3085 722 3146 Vlll,
734 3085 760 3150 7,
803 3101 881 3152 quem
895 3095 982 3152 poeta
1002 3085 1099 3134 stricto
1134 3082 1212 3135 ladio
1225 3083 1329 3134 semse-

219 3147 286 3198 Vsri
297 3147 352 3200 Eol.
365 3151 412 3213 VI,
426 3151 444 3204 7
460 3169 499 3220 sq.
516 3153 565 3216 IX,
582 3153 626 3216 26,
644 3161 671 3204 et
692 3153 760 3206 Car·
802 3163 927 3222 quentem
940 3151 1021 3223 fagit
1038 3153 1067 3202 in
1086 3101 1229 3203 ιοὶεηιαιη
1246 3146 1329 3202 carbo-

218 3216 283 3267 nelii
299 3217 370 3269 Galli
384 3219 440 3270 Ecl.
454 3221 499 3284 Vl,
512 3218 547 3274 64
560 3230 588 3272 et
600 3223 628 3272 X
643 3222 760 3274 mentio·
800 3222 925 3285 nariam,
950 3233 979 3272 et
998 3219 1129 3288 beneficio
1146 3222 1282 3272 institoris
1301 3235 1328 3267 er

217 3303 278 3338 nem
297 3287 360 3339 setis
376 3289 548 3342 honorificam
567 3291 636 3343 lecit.
669 3297 758 3345 Atrea
800 3291 858 3342 alia
882 3303 965 3362 parte
991 3291 1106 3341 ensissas
1131 3304 1261 3342 servatus
1288 3297 1328 3337 est

216 3357 327 3425 Augusti
340 3359 494 3410 carminese
507 3377 759 3429 aggressurumesse
787 3359 938 3411 'Milienum
969 3361 1104 3412 Toronem
1131 3353 1327 3427 (centurionem)

217 3427 331 3478 minetur
346 3430 394 3480 Ge.
407 3430 452 3494 ΙΙΙ,
472 3431 505 3484 10
519 3448 558 3499 sq.
800 3429 989 3500 primipilarem
1003 3428 1113 3480 el’robo
1125 3429 1328 3480 memorstl'om-

251 3499 282 3549 in
296 3496 490 3552 distributione
509 3517 648 3572 agrorum.
673 3517 697 3552 r.
712 3497 759 3552 inl.
800 3516 863 3569 pon.
876 3501 951 3565 Sub„
968 3497 1138 3550 Msuoinellus
1153 3497 1248 3550 etalii.

214 3566 354 3706 midaii-d
367 3569 506 3691 idiiiius
532 3637 683 3690 claudii-
700 3643 759 3690 Ar-
836 3605 861 3674 2·
873 3605 916 3660 3³·
934 3603 1022 3656 mue
1036 3611 1160 3683 ‘limet’
1177 3600 1258 3665 Μὴ
1273 3611 1327 3678 qm

214 3705 461 3830 „w”
481 3707 515 3760 s
530 3707 582 3842 :¹¹¹1
605 3708 759 3896 ,pp
799 3671 1327 3807 numm

210 3855 359 3914 postquam
376 3865 450 3918 pene
466 3849 572 3900 occisus
589 3859 633 3900 est
651 3865 668 3897 a
697 3849 758 3898 Ar·
802 3823 990 3866 mmmmm·
1310 3907 1315 3918 ,

214 3913 259 3963 rio
280 3919 458 3982 centurione,
479 3921 594 3970 Roaiam
616 3927 759 3968 reuertens
835 3935 920 3970 ursae
931 3935 1014 3969 more.
1029 3913 1099 3966 stell.
1112 3913 1199 3978 xvu,
1214 3915 1247 3967 10
1260 3913 1326 3964 Amr

214 3982 360 4036 mandavit
374 3985 605 4057 procuratoribus
629 3987 701 4050 suis,
727 3997 759 4036 ut
800 3985 1040 4058 cisamiliaresque
1060 3985 1095 4035 P.
1114 3983 1226 4054 Virgilii
1240 3983 1268 4034 in
1283 3978 1326 4038 bit,

213 4061 361 4104 tuerentur
381 4072 466 4125 agros
487 4067 600 4108 suaset
623 4055 660 4106 ad
670 4073 758 4128 prae-
800 4075 870 4128 quae
893 4057 928 4107 de
948 4055 1060 4126 ingenio
1084 4051 1256 4122 maribusque
1276 4049 1326 4098 eius

213 4137 279 4171 sens
310 4119 523 4192 obsequerentur
552 4126 657 4185 Arrio;
687 4123 757 4176 idem
799 4127 942 4178 memoriae
962 4123 1151 4184 tradiderunt,
1175 4121 1326 4172 dicereeun

211 4189 757 4264 eommenepr.§.1sectquem(sgrum)
799 4195 909 4246 solitum
926 4191 1039 4264 ferunt,
1062 4207 1165 4264 parere
1189 4207 1219 4242 se
1241 4199 1325 4240 uersat

213 4260 548 4344 recipiendamprosectus
559 4263 682 4317 abArrio
691 4280 757 4314 oen·
799 4283 873 4315 more
884 4275 968 4332 atque
981 4262 1037 4313 ritu
1050 4259 1146 4312 ursino
1159 4277 1182 4309 v.
1195 4257 1242 4310 rel.
1251 4254 1324 4318 Quis-

213 4340 339 4396 tureone,
357 4349 404 4400 que
415 4351 476 4384 eum
492 4332 618 4397 tenebat,
631 4349 704 4413 pene
716 4344 758 4383 eet
799 4331 853 4384 ctil.
876 4335 938 4384 lust.
955 4333 998 4394 X,
1015 4330 1050 4395 3,
1068 4331 1084 4383 8
1105 4327 1248 4398 Virgilium
1265 4339 1323 4403 qut-

212 4399 391 4465 interemtus,
419 4403 475 4454 nisi
497 4421 528 4456 se
546 4403 758 4476 praecipitasset
799 4420 852 4472 que
877 4401 1058 4474 paucissimos
1082 4398 1128 4450 die
1158 4407 1323 4470 composuisse

210 4469 358 4539 testamen
372 4471 522 4538 Mincium,
540 4471 614 4525 unde
629 4482 671 4523 est
684 4470 757 4522 alle-
799 4489 911 4538 versas,
928 4482 1028 4524 auctor
1040 4479 1082 4520 est
1098 4469 1198 4521 Varus.
1275 4517 1284 4544 ἱ
