2652 5032
150 355 701 450 onoacroono1u.11,
729 361 941 435 rar-137
1022 367 1096 440 417
1195 411 1199 426 .

37 543 184 620 Auxilium
199 545 319 640 venit,
348 568 391 618 ac
405 543 598 618 membris
616 541 692 638 agit
709 554 787 615 atra
801 567 964 625 venena.
1025 557 1098 628 130

36 649 93 744 Ipsa
106 647 223 744 iugens
235 647 351 722 arbos
371 645 595 746 faciemque
612 643 807 719 simillima
825 645 955 742 lanro;

36 751 78 840 n,
98 751 122 822 si
135 773 207 824 non
224 750 342 826 alium
356 749 433 824 late
446 751 605 823 iactaret
623 747 805 844 odorem,

35 853 141 926 leuues
155 867 247 931 erat:
273 851 368 929 solia
385 851 492 928 haud
507 852 595 927 ullis
610 850 780 926 labentia
799 853 943 946 ventis;

34 952 94 1026 Flos
105 955 145 1029 ad
160 957 280 1056 prima
296 971 429 1033 tenax:
457 957 604 1030 animos
619 967 658 1029 et
672 954 818 1030 olentia
829 955 938 1032 Medi

34 1056 85 1130 Ora
97 1055 216 1134 levent
231 1059 318 1152 il10,
346 1073 385 1134 et
401 1059 561 1136 senibus
575 1058 825 1133 medicantur
841 1058 1001 1138 anhelis.
1026 1069 1099 1143 135

64 1161 126 1236 Sed
142 1187 267 1264 neque
285 1161 520 1256 Medorum,
547 1161 664 1236 silvae
686 1161 891 1257 ditissima,
919 1174 1034 1262 terra,

31 1264 84 1335 Nec
97 1265 218 1364 pulcer
231 1271 407 1364 Ganges,
435 1279 552 1367 atque
570 1289 666 1340 auro
686 1263 867 1342 turbidus
881 1269 1064 1363 Hermus,

30 1435 120 1488 leneidos
131 1448 228 1501 notum,
254 1457 378 1491 novercae
397 1438 480 1492 innuit
492 1439 574 1490 Poeta
589 1438 763 1508 privignorum
785 1439 906 1508 cupidine
921 1439 1099 1506 inflammatas,

30 1503 83 1568 tulis
93 1505 134 1558 luit
145 1508 269 1572 Phaedra,
285 1509 384 1562 Thesei
398 1526 470 1560 uxor.
488 1512 522 1560 At
535 1508 578 1560 hic
593 1509 626 1562 de
642 1509 759 1560 novercis
774 1509 866 1576 agitur,
883 1527 949 1578 quae
962 1511 1112 1580 privigne,

28 1587 61 1622 no
71 1575 165 1628 fortunis
178 1579 322 1642 inhiantes,
346 1595 391 1630 eos
403 1595 504 1629 veneno
518 1577 661 1646 perimunt,
687 1577 822 1646 amplioris
844 1579 994 1648 patrimonii
1010 1581 1100 1632 liberis

28 1641 59 1690 sois
70 1645 203 1698 conciliandi
216 1665 306 1699 eausa:
328 1647 368 1699 cui
382 1648 472 1716 utique
489 1647 529 1698 rei
546 1647 683 1698 noxiorum
697 1649 849 1712 verborum,
874 1665 918 1698 sen
933 1650 1025 1717 magici
1040 1669 1101 1702 car-

28 1709 158 1766 ninisnnllus
173 1727 211 1768 est
227 1733 295 1768 usos.
329 1719 467 1768 Praeterea
490 1715 630 1767 verisimile
647 1734 699 1766 uon
720 1727 760 1768 est
778 1717 805 1768 iu
826 1717 948 1768 absoluto
969 1730 1100 1788 poemate,

26 1794 80 1846 coque
90 1801 134 1836 non
146 1786 280 1837 admodum
296 1786 409 1855 prolixo,
427 1785 567 1854 Virgilium
579 1785 619 1838 bis
634 1786 751 1838 eumdem
762 1804 865 1838 versum
880 1786 936 1838 siue
948 1788 999 1840 ulla
1013 1791 1101 1842 varie-

26 1855 59 1896 nte
72 1852 236 1906 adhibuisse.“
260 1856 330 1924 We.)
401 1856 452 1910 130
474 1859 582 1926 agitate
599 1855 707 1907 Vratisl.
784 1857 832 1911 131
845 1853 975 1926 facieque
993 1869 1101 1928 uterque

26 1913 82 1970 lae
108 1923 196 1976 loures
216 1925 315 1976 Medic.
334 1943 349 1976 a
368 1944 401 1977 ιιι.
423 1942 462 1992 pr.
536 1925 585 1978 132
608 1937 731 1976 ructaret
751 1927 818 1977 Ven.
890 1926 941 1978 134
957 1927 995 1978 ad
1011 1931 1102 2000 primo

25 1983 87 2040 lledie.
99 2001 121 2041 et
133 1995 289 2046 vetustiores
301 1993 380 2045 Pierii
394 2003 421 2045 et
434 1993 550 2056 Heinsii,
567 1993 629 2044 item
642 2003 696 2045 tres
707 1995 823 2046 Martini.
854 1997 883 2045 In
896 1993 953 2046 aliis
969 2001 1101 2068 opprima,

26 2058 114 2130 Mira
180 2064 230 2118 135
248 2064 398 2114 radicatur
412 2065 478 2116 Ven.
538 2063 588 2116 136
605 2064 739 2114 ditissimo
753 2083 840 2136 regua
854 2063 950 2116 Medic.
964 2085 978 2117 a
994 2085 1026 2118 m.
1040 2087 1101 2133 sec„

25 2128 191 2240 ffrpyoletrice.
232 2131 416 2216 accipiebatur
434 2133 546 2214 olimnet
563 2131 807 2252 inlperpungebaturl:
839 2134 982 2252 Μῗὶονιιιιι
1005 2139 1101 2222 siloae,

26 2201 566 2342 ιὶζῖ’Μι’ἔῖ’ἕὲ.ἑ”ιῙέἒιὶῗῗ3333.ῗὲ
579 2203 759 2322 ..talttt‘f
772 2214 860 2334 tlt,
879 2207 1100 2342 iiiiolldlii

25 2327 108 2388 lanam
120 2349 201 2391 umen
215 2339 288 2392 hand
303 2357 355 2392 nno
366 2339 445 2391 modo
466 2340 572 2407 negatio
586 2339 689 2390 iterata.
718 2359 805 2410 neque
818 2340 899 2392 Goth.
914 2359 966 2393 aec.
982 2361 997 2394 a
1013 2363 1045 2396 m.
1060 2363 1101 2412 pr.

24 2487 65 2549 110.
88 2497 149 2572 egit
174 2505 219 2555 est
247 2496 363 2575 exigit,
390 2497 521 2576 expellit.
563 2493 678 2568 Media,
700 2494 784 2554 malis
798 2495 858 2553 suis
871 2495 958 2570 felix,
981 2515 1036 2555 nec
1051 2497 1102 2556 ln-

23 2571 65 2634 131.
82 2581 130 2636 Ad
140 2584 264 2658 prima,
294 2591 330 2640 ut
351 2585 518 2660 inprimis,
565 2580 614 2638 dia
635 2581 756 2659 proprie
778 2579 859 2638 dicta
867 2624 875 2654 ,
904 2581 943 2638 ad
962 2581 1101 2664 Gangem,

24 2667 176 2740 Moriens,
194 2667 437 2744 appretiante
451 2668 522 2726 olias
566 2675 619 2724 eut
630 2665 735 2743 Lydia,
760 2667 844 2724 cuim
858 2674 902 2723 est
916 2667 1028 2725 aurifer
1041 2668 1102 2726 ssu-

22 2739 116 2807 obores:
131 2771 192 2810 uon
209 2753 289 2812 enim
308 2751 451 2811 decidunt
463 2753 522 2812 sso-
564 2751 631 2810 vina
646 2750 784 2826 Hermus,
807 2769 822 2808 e
837 2749 964 2830 Phrygia
978 2752 1102 2812 descen-

23 2831 116 2893 scito.
148 2836 266 2897 Mederi
281 2835 408 2896 Parthos
420 2839 456 2896 iis
466 2860 523 2918 po-
567 2835 655 2911 dens,
678 2845 708 2894 et
725 2856 797 2894 mox
818 2857 886 2896 cum
908 2837 1028 2897 Pactolo
1050 2859 1103 2898 eo-

21 2911 283 2996 dgraveolentiae
315 2924 400 2998 oris,
434 2925 525 2982 etiam
567 2921 635 2980 dem
660 2923 743 2981 alveo
772 2921 938 3002 profluens,
969 2943 1024 2982 nec
1043 2925 1103 2984 na-

21 2993 94 3062 lloim
104 3010 221 3068 monuit
236 3006 303 3067 eod.
314 3009 334 3068 l.
347 3018 415 3088 post
424 3007 524 3068 Theo·
566 3007 698 3082 corinna,
721 3027 816 3085 neque
828 3007 992 3088 Aethiopia,
1015 3019 1068 3070 aut
1079 3012 1103 3070 si

21 3077 95 3150 tired.
138 3095 210 3160 135.
227 3095 339 3174 fovent
358 3093 389 3153 h.
407 3104 523 3170 curant,
565 3093 681 3169 mavis,
710 3093 825 3170 reliqua
870 3094 977 3172 ludia,
1007 3117 1103 3174 neque

21 3173 183 3248 *tornationes
191 3207 201 3257 ;
216 3201 284 3240 cum
293 3200 364 3239 mox
377 3180 524 3240 substitu-
564 3178 674 3237 Arabia
688 3179 845 3238 cumltalia
859 3181 1025 3258 comparari
1032 3193 1103 3262 pot-

24 3261 65 3330 itt,
85 3263 279 3324 medicantur.
311 3267 365 3324 Est
379 3266 456 3324 enim
470 3285 523 3344 ge-
565 3275 623 3340 est,
645 3265 741 3323 multo
755 3265 852 3324 minus
866 3266 996 3344 Colchis,
1015 3287 1103 3327 mon-

21 3359 48 3396 os
64 3365 161 3424 curae,
193 3352 372 3426 calefacere,
400 3351 522 3410 relicere
565 3349 896 3414 strisinsamisv.140.

21 3427 98 3489 lodice
113 3435 229 3510 calore,
254 3436 336 3514 quod
346 3437 464 3516 proprie
478 3446 524 3495 est
618 3439 687 3499 136.
721 3435 808 3494 Patet
835 3437 929 3494 silvae
956 3437 1103 3494 ditissima

21 3507 81 3572 ism
88 3541 98 3590 ,·
114 3517 187 3580 hine
201 3521 294 3580 latius
304 3524 392 3579 etiam
405 3522 442 3580 de
450 3521 523 3581 aliia.
565 3521 747 3600 iungendum
760 3539 835 3578 esse:
847 3521 1003 3580 Medounn
1012 3531 1102 3597 terra,

38 3602 141 3663 136-
157 3611 233 3672 176.
262 3607 401 3686 Sequitur
424 3607 524 3686 sigeia·
568 3607 709 3664 ditissima
736 3607 827 3664 silvae
854 3605 884 3664 h.
906 3625 930 3665 e.
951 3605 1103 3681 silvorum,

21 3679 109 3747 eumne
119 3691 222 3767 locus,
246 3713 314 3752 cnm
326 3711 386 3770 quo
400 3694 436 3752 cs.
449 3693 524 3753 Plio.
566 3713 623 3773 pro
631 3737 639 3770 ,
661 3692 823 3766 malorum,
848 3711 921 3768 quas
935 3698 1003 3747 anta
1016 3691 1104 3748 ‹lixe-

21 3765 81 3831 lll'.
98 3774 149 3836 lib.
172 3786 255 3836 extr.
286 3777 406 3856 Dionys.
429 3777 525 3838 Helie.
567 3787 625 3836 rat.
676 3781 745 3840 137.
774 3796 847 3834 auro
866 3773 998 3833 tritoniae
1020 3778 1104 3834 Her-

31 3855 72 3918 86.
113 3861 216 3922 varmo
231 3863 266 3921 lt.
281 3863 388 3938 n.1,e,
412 3863 525 3942 digres-
567 3883 635 3920 mue
653 3882 707 3941 per
734 3860 870 3940 oxymori
896 3859 1020 3937 speciem
1047 3881 1103 3939 pro

21 3941 192 4006 eiulaudes
206 3936 327 4022 Italiae,
356 3967 429 4026 quas
443 3949 526 4007 simi·
569 3947 687 4006 aurifer.
732 3944 886 4024 Expressit
904 3941 986 4004 hunc
1004 3945 1105 4006 locum

21 4019 62 4084 bus
86 4031 218 4094 aliorum
244 4035 426 4114 scriptorum
454 4034 527 4093 locis
567 4031 711 4092 Martialis
750 4031 925 4110 Epignomm.
949 4029 1028 4106 Vlll,
1062 4035 1104 4096 78

21 4117 111 4175 mavit
145 4129 179 4179 et
222 4118 387 4178 illustravit
422 4119 527 4178 Cerdo.
571 4117 685 4176 enodate
710 4116 845 4174 sordidus
867 4135 941 4172 aum
959 4119 1101 4175 Hermus.

21 4203 179 4282 lunsopera
202 4213 306 4263 antem
326 4203 412 4262 cultu
437 4223 526 4284 prae·
569 4203 727 4262 Subtiliter
744 4198 834 4278 magis
851 4217 941 4276 quam
955 4221 1025 4260 vere
1038 4223 1105 4260 mo-

21 4279 91 4343 llisse
118 4289 299 4367 putabimus
332 4287 466 4365 Italiam,
503 4290 527 4347 si
569 4295 621 4348 net
641 4285 789 4346 Drakenb.
813 4281 852 4340 ad
874 4283 977 4346 Silium
996 4287 1024 4363 l,
1043 4289 1104 4352 159

21 4383 57 4425 tm
72 4384 253 4434 nemorum
281 4383 451 4453 temporum
469 4373 527 4432 ha·
568 4374 713 4432 Hermum
728 4367 884 4429 turbidum
896 4389 1031 4448 nonsuo,
1053 4371 1105 4430 aed

21 4447 53 4512 llo
72 4475 136 4516 eam
164 4461 390 4542 compare-us!
426 4458 527 4538 Neque
570 4477 644 4518 auro
658 4477 712 4538 per
723 4453 878 4515 Pactolum
890 4452 992 4534 illato,
1014 4457 1105 4536 signi-

41 4555 195 4637 Vmou..
230 4560 335 4636 Tou.
361 4559 391 4634 1.
846 4555 897 4626 Ἠ
