2606 5008
149 315 154 330 *
206 389 284 464 272
581 377 955 457 PROOEMIUM

155 611 164 628 =
206 594 298 646 rum
314 567 494 664 inventis,
515 566 696 668 inprimis
712 565 753 640 in
770 563 984 643 vestiendis
1000 563 1288 640 orationebatina

208 678 454 751 Graecorum
479 670 616 768 dictis,
654 671 817 746 eximiae
840 668 1036 746 felicitatis
1062 681 1100 743 et
1123 670 1201 743 artis
1222 665 1288 743 tuit

205 781 345 878 Itaque
363 774 443 850 hoc
461 775 503 850 in
520 797 668 872 genere
682 773 913 871 Virgilium,
940 785 1145 874 poetarum
1160 773 1286 850 Cicero

206 905 304 956 nem
327 877 524 979 appellare
545 901 839 978 nonnunquam
857 875 979 956 lubet
1031 875 1099 952 llla
1116 887 1230 950 autem
1242 875 1288 948 iu-

206 983 313 1083 genii
343 983 565 1059 Maroniani
599 981 760 1082 propria
795 994 979 1058 venustas
1020 981 1061 1054 in
1101 977 1200 1054 nullo
1225 979 1288 1052 eins

207 1111 332 1188 opere
346 1086 470 1184 magis
489 1085 751 1183 cognoscitur,
770 1111 890 1186 quam
905 1085 946 1160 in
964 1083 1169 1181 Georgicis,
1187 1082 1289 1158 omni·

206 1191 281 1267 bus
308 1189 485 1266 numeris
512 1187 716 1284 absoluto,
749 1186 931 1290 perfecto
954 1201 994 1263 et
1023 1185 1199 1289 expolito,
1226 1209 1289 1260 car·

205 1295 335 1391 mine,
354 1307 417 1390 ut,
437 1294 468 1368 si
486 1294 527 1368 in
541 1305 677 1368 nostra
691 1293 1020 1394 interpretatione
1035 1290 1113 1366 boc
1129 1287 1288 1389 assequuti

206 1421 361 1494 sumus,
394 1421 469 1472 nos
495 1397 603 1472 enim
631 1395 674 1471 id
698 1410 890 1498 sequutos
916 1419 1001 1472 esse
1022 1418 1106 1486 non
1125 1415 1288 1492 negamus,

205 1515 348 1578 utnon
361 1499 489 1576 modo
505 1500 724 1576 verborum
741 1525 785 1575 ac
797 1499 1086 1576 sententiarum
1101 1499 1177 1574 vim
1189 1494 1288 1572 decla-

205 1606 444 1702 raverimus,
478 1605 769 1681 verumetiam
800 1603 983 1679 carminis
1007 1600 1287 1702 pulcritudinem,

206 1709 467 1810 inprimisque
485 1721 688 1804 omatum‚
708 1707 888 1784 sensibus
904 1720 945 1784 et
961 1705 1084 1782 oculis
1100 1704 1288 1781 adolescen-

205 1825 292 1888 tum
305 1812 602 1908 subiecerimus,
613 1835 688 1886 nos
701 1829 866 1912 operam
877 1823 1055 1888 nostram
1065 1833 1148 1886 non
1158 1807 1286 1885 omnino

204 1915 309 1993 male
325 1913 538 1992 collocasse
553 1915 775 1992 arbitraturi
789 1916 923 1996 simus.

306 2106 364 2181 Ex
387 2105 453 2202 iis,
488 2130 589 2207 quae
615 2105 746 2183 adhuc
772 2105 968 2207 disputata
990 2118 1102 2202 sunt,
1134 2119 1286 2202 nuperum

206 2231 414 2284 censuram
436 2211 747 2309 Georgicorum,
782 2235 903 2314 quam
924 2207 1162 2287 Edmundus
1181 2209 1286 2280 Burto

204 2335 298 2408 nus,
324 2314 534 2390 Britannus
547 2339 632 2390 non
646 2315 830 2391 indoctus
843 2339 920 2391 nec
934 2313 1152 2412 inelegans,
1167 2326 1287 2410 propo·

204 2416 282 2490 suit
297 2422 354 2515 *),
372 2417 420 2492 ab
436 2416 583 2494 iudicio
600 2445 742 2519 parum
756 2417 889 2495 subtili
904 2432 944 2495 et
955 2417 1094 2492 limato
1109 2409 1286 2518 prolectam

204 2515 319 2596 facile
344 2519 497 2618 videas,
533 2521 630 2597 dum
652 2521 755 2599 hanc
777 2523 903 2623 ipsam
925 2521 1103 2622 copiam,
1135 2519 1227 2594 bunc
1243 2535 1286 2584 or·

204 2636 343 2698 natum
362 2649 500 2702 rerum
520 2627 704 2702 tenuium
720 2639 760 2703 et
776 2626 951 2720 exilium,
979 2624 1029 2702 ad
1048 2615 1284 2730 reprehensio

168 2726 172 2758 ²
203 2751 300 2802 nem
328 2728 510 2804 camrinis
531 2731 698 2808 traxerit
758 2729 840 2806 Sed
863 2729 997 2804 iudicii
1016 2727 1137 2804 huius
1159 2735 1285 2800 auctore

202 2843 326 2906 tatem
341 2832 417 2906 iam
432 2832 522 2906 satis
541 2831 616 2907 alio
636 2831 817 2911 eiusdem
834 2834 906 2908 riri
929 2832 1037 2908 docti
1052 2831 1220 2908 acumine
1233 2821 1290 2897 eltl

203 2946 333 3009 vatam
348 2934 542 3033 dabimus,
558 2936 774 3013 cumidem
789 2936 854 3013 ille
868 2937 908 3012 in
921 2934 1118 3012 Bucolicis
1133 2935 1289 3014 summam}

201 3037 496 3137 simplicitatem
514 3053 553 3116 et
566 3038 832 3118 humilitatem
847 3041 949 3117 vitae
966 3064 1010 3115 ac
1028 3063 1185 3116 morum
1198 3017 1289 3108 alit-l

202 3138 295 3237 gilio
321 3165 545 3241 expressam
567 3142 723 3237 dixerit3
758 3169 839 3246 quo
864 3143 962 3246 quid
982 3169 1003 3218 a
1021 3168 1159 3220 rerum
1178 3135 1242 3214 lide
1256 3147 1288 3202 tt

183 3267 322 3320 sensu
345 3243 507 3322 alienius
528 3243 664 3322 afferri
686 3250 836 3348 possit?
874 3252 909 3324 A
931 3261 1094 3324 tumore
1119 3270 1161 3322 ac
1177 3240 1282 3335 frigore

203 3361 270 3424 aut
292 3349 430 3449 inepto
452 3349 586 3452 aliquo
607 3351 740 3427 studio
767 3377 811 3428 ac
830 3352 952 3427 nimia
971 3347 1176 3426 sedulitate
1194 3348 1283 3420 Geor·

201 3451 287 3550 gica
306 3459 444 3529 iacare
467 3451 721 3531 confidenter
740 3453 960 3552 affirmem,
990 3454 1058 3557 qui
1077 3449 1211 3553 alioqui
1227 3457 1280 3517 non

201 3555 325 3632 multa
344 3581 413 3632 me
432 3570 541 3633 certo
562 3570 704 3636 tenere
724 3557 926 3636 affirmare
944 3558 1106 3636 soleam.

306 3747 497 3844 Georgica
510 3749 748 3824 Maecenatis
769 3773 884 3825 suasu
903 3773 947 3825 ac
967 3745 1135 3824 consilio
1154 3737 1280 3820 scrihere

202 3849 419 3949 suscepisse
441 3863 621 3950 poetam,
646 3865 693 3928 ut
716 3851 931 3928 hominum
951 3853 1073 3928 animi
1093 3851 1141 3928 ad
1157 3844 1221 3944 agn'
1237 3857 1278 3910 w

201 3949 311 4028 lendi
330 3951 457 4028 studia
481 3967 782 4051 revocarentur,
808 3957 1093 4035 Britannorum
1114 3939 1277 4030 nonnullo·

201 4080 311 4152 rum,
345 4059 554 4154 Wartoni,
584 4059 727 4156 Crusii,
754 4060 930 4152 Martini,
959 4058 1188 4157 elegantium
1207 4047 1275 4120 tlffl·

202 4181 310 4250 rum,
339 4171 398 4234 est
413 4160 560 4262 opinio.
612 4161 721 4238 Italia
737 4186 831 4239 sane
849 4161 964 4240 bellis
981 4161 1154 4238 civilibus
1167 4163 1277 4275 nutant

237 4346 395 4413 'lAncc'ent
409 4349 569 4404 characem
582 4351 697 4406 dedudd
709 4351 931 4425 fiomcluasioal
938 4354 1071 4407 Remobra
1084 4345 1194 4414 nott

1271 4777 1280 4951 l
