2758 4990
215 347 292 422 646
465 349 507 424 Ρ.
534 347 794 426 VIRGILII
817 347 1092 426 MARONIS

213 531 383 632 Exiguus
395 531 584 636 primum,
600 545 719 636 atque
735 534 840 636 ipsos
856 547 1082 612 contractus
1095 535 1143 611 ad
1154 539 1297 634 ususut

213 633 379 734 Eligitur
389 634 519 716 locus:
545 636 654 714 bunc
669 639 902 740 angustique
917 638 1087 718 imbrice
1101 643 1191 716 tecti

249 829 300 883 295
318 831 437 911 Eripuit
450 832 504 884 urs.
517 833 547 884 rie
560 849 628 884 usuc
641 831 736 884 Medio.
751 849 812 884 em.
826 851 867 902 pr.
882 843 911 884 et
924 831 979 896 atti,
997 849 1074 885 mon
1086 833 1174 886 nolito.
1188 835 1233 886 rid.
1243 837 1300 886 nu

269 899 382 950 Medicea
398 900 472 971 prior
483 901 578 965 lectio;
603 903 641 954 od
653 921 732 972 supra
752 902 875 971 scriptum
890 921 953 954 em.
967 919 1020 955 rec.
1042 903 1118 972 Wr.)
1152 905 1301 975 ipsosffle

185 1011 188 1018 .
214 901 298 1088 ἕξεί
309 986 428 1108 cipue.
448 971 546 1023 aberat.
582 971 677 1023 Lenius
698 971 955 1042 luissetotquehoa.
989 975 1029 1044 (at
1043 973 1098 1025 boe
1113 989 1302 1045 retemptan-

263 1054 277 1087 e
358 1057 381 1090 r.

213 1193 315 1270 thien,
354 1203 388 1254 ut
415 1195 473 1256 iam
500 1197 602 1258 Rurm.
630 1195 759 1276 occepit,
802 1195 903 1272 latere,
925 1197 1005 1256 circa
1018 1198 1174 1279 Canopum
1186 1197 1304 1274 nontoop

214 1299 298 1340 more
312 1279 438 1341 eolleuni
457 1283 661 1344 Romanorum
685 1301 761 1364 poe-
804 1283 840 1340 ab
855 1281 1056 1360 Alexandria,
1079 1293 1146 1344 tum
1161 1285 1192 1342 in
1208 1284 1304 1342 on'eru

214 1375 339 1444 turum3
372 1367 415 1426 sic
450 1369 564 1428 Medus
596 1369 762 1448 Hydaspes
802 1367 842 1442 li,
862 1387 968 1428 versus
979 1369 1057 1430 fines
1073 1367 1305 1448 Parthiciimpri,

215 1473 246 1513 v.
259 1457 339 1528 2113
354 1451 425 1512 binc
439 1462 469 1512 et
476 1455 665 1532 pharetrata,
679 1453 762 1532 quod
804 1452 938 1532 adeoque
963 1474 1019 1534 per
1044 1464 1146 1514 totam
1175 1455 1306 1514 urcem

215 1538 253 1596 de
281 1535 398 1596 Parthis
434 1539 555 1620 proprie
583 1539 642 1600 dici
668 1541 762 1617 solet;
804 1537 974 1620 Aegyptum
997 1537 1107 1622 (Delta
1125 1541 1235 1600 nomine
1253 1539 1306 1598 oele·

214 1623 281 1702 quie
297 1622 479 1684 Parthorum
499 1624 658 1706 pharetras
672 1627 761 1706 igno-
802 1625 943 1706 brutam),
965 1630 1066 1686 omnis
1079 1631 1175 1706 regio,
1188 1635 1306 1702 tongere

213 1710 290 1769 ratl
323 1709 421 1770 Multo
448 1719 549 1772 umen
575 1712 761 1772 commodio-
802 1712 1018 1770 missalium
1031 1727 1164 1788 cenam,
1195 1711 1305 1792 ponitsa·

213 1815 278 1855 rem
289 1795 455 1855 verborum
469 1805 500 1855 et
511 1800 675 1858 sententiae
688 1799 760 1860 iun-
801 1795 874 1856 lutis
895 1815 979 1876 spem
996 1817 1033 1855 ac
1050 1797 1209 1872 fiduciam,
1232 1795 1305 1854 iiior

214 1890 333 1940 cturam
352 1883 418 1940 iore
438 1883 545 1962 video,
576 1885 617 1960 si,
645 1885 758 1964 inquo
801 1895 882 1956 arte,
914 1882 1078 1962 reparandi
1103 1903 1172 1964 epes
1190 1903 1224 1942 ex
1243 1881 1305 1938 mur

212 1966 308 2024 lulius
320 1967 446 2026 Sabinus
469 1967 570 2050 (quem
584 1969 644 2050 v.),
660 1990 676 2028 e
691 1971 758 2050 ple·
799 1967 971 2026 visceribus.
993 1969 1112 2028 Lomun
1125 1967 1304 2029 vmtissiuuu

212 2052 298 2111 niore
312 2052 417 2111 Servio
437 2054 516 2112 sorte
540 2075 579 2114 an
595 2075 634 2114 ex
647 2056 758 2134 Probo,
799 2051 907 2113 videor
926 2051 1002 2112 mihi
1021 2055 1068 2114 sic
1095 2056 1167 2114 eatis
1190 2049 1304 2113 commode

212 2145 433 2216 praecesserat,
455 2143 759 2200 m'or'rrr'aeviorin'aon
799 2139 993 2218 interpretari
1020 2161 1112 2219 posse
1124 2162 1134 2218 3
1166 2141 1196 2200 in
1214 2137 1303 2198 abomu

213 2223 339 2281 ductum
366 2241 428 2281 esee
457 2225 668 2304 existimetur5
699 2227 759 2288 hoc
802 2223 924 2302 quidem
948 2225 1125 2286 rationibus
1149 2227 1208 2285 sive
1224 2241 1304 2302 expeu-

212 2307 322 2368 modo:
355 2308 483 2389 Quoque
504 2315 604 2371 wenis
629 2333 722 2393 usque
736 2337 757 2374 a
801 2309 907 2369 dandis
919 2311 982 2370 sive
994 2311 1169 2372 refellendis
1179 2329 1259 2372 mom
1267 2325 1303 2366 re

212 2395 353 2454 coloratis
377 2396 466 2454 Indis
485 2397 632 2466 άενετιω,
656 2397 757 2459 utti-
799 2415 858 2473 que
877 2394 928 2456 bio
949 2405 1081 2458 nectam.
1125 2397 1167 2457 At
1185 2398 1206 2456 oi
1224 2391 1303 2454 iuuit

213 2479 277 2555 lue,
299 2483 432 2556 vicmia,
457 2479 488 2541 h.
503 2483 603 2544 vicina
615 2483 698 2560 loca,
718 2485 757 2546 fi·
798 2480 863 2559 ipsa
883 2483 1031 2541 sententia
1049 2493 1084 2542 et
1101 2481 1213 2564 poetico
1223 2479 1302 2541 ratior

211 2565 335 2641 nitima,
364 2565 455 2643 fines,
483 2569 616 2628 Pem'dis
636 2584 754 2650 rer-gua,
798 2567 945 2628 iudicium
964 2569 1129 2630 ferendum
1152 2579 1204 2644 est,
1223 2561 1303 2642 tophi
1354 2623 1355 2652 p

212 2652 353 2732 attingit5
393 2653 431 2711 ab
465 2653 603 2714 orientali
630 2653 758 2736 Aegypti
800 2672 926 2712 acumen
942 2662 972 2712 et
989 2655 1205 2716 verecundiam
1220 2647 1303 2712 deside·
1354 2653 1355 2656 ’

211 2746 319 2816 parte,
357 2756 411 2797 seu
428 2759 534 2799 versus
567 2741 675 2802 ostium
697 2741 758 2801 Nili
797 2757 868 2798 rore
890 2737 966 2798 mibi
990 2739 1111 2802 videor.
1152 2742 1222 2802 b'am
1238 2731 1301 2794 ctu

212 2823 398 2888 Pelusiacum
406 2845 415 2900 3
430 2837 458 2882 et
470 2825 596 2884 viridem
607 2827 686 2906 Aeg.
700 2837 756 2887 eto.
798 2824 855 2882 mie
869 2833 1025 2904 protracte
1048 2836 1083 2886 et
1102 2826 1233 2906 impedite
1243 2819 1302 2894 ing!

212 2908 272 2966 Sed
294 2909 450 2968 videamus
469 2910 593 2989 reliqua.
634 2915 676 2972 Et
697 2933 757 2992 qua
799 2909 917 2986 oratio,
946 2919 977 2968 et
1002 2913 1109 2990 paullo
1134 2909 1245 2970 ieiunius
1265 2903 1301 2962 lii

211 2997 313 3052 omnio
335 3015 427 3074 usque
448 2993 488 3052 ab
508 2997 595 3056 [ndu
617 2999 757 3059 coloratis
798 2995 908 3054 nonna
935 2995 980 3054 bis
1001 2995 1201 3058 describitur:
1225 3009 1300 3072 quam·

213 3075 435 3159 (Aethiopibus,
450 3080 513 3140 vid.
522 3081 561 3142 ed
575 3083 628 3143 Ge.
639 3083 757 3160 11,116‚
798 3100 890 3159 quem
916 3081 1032 3160 singula
1058 3083 1192 3144 membra
1209 3099 1251 3140 sto
1265 3095 1300 3132 οῖ·

211 3164 251 3222 ad
267 3165 376 3224 Tibuil.
391 3163 429 3240 Il,
439 3168 470 3240 8,
479 3167 530 3232 55.
539 3167 595 3252 66)
617 3168 756 3246 ἄενιτιιε,
798 3175 873 3226 natu
905 3187 940 3225 ae
964 3167 1082 3228 lumine
1117 3169 1223 3247 fulgere
1243 3159 1300 3220 stult

211 3247 411 3334 καταφερὴς,
441 3269 480 3308 ex
508 3252 577 3312 altis
603 3255 756 3316 montibus
797 3251 902 3311 sentio.
938 3252 997 3311 Sed
1010 3261 1042 3311 et
1066 3253 1119 3314 hio
1133 3248 1299 3314 mittetur

211 3336 341 3416 proclivi
369 3333 512 3396 descensu
538 3337 572 3398 in
596 3341 756 3422 planiciem
800 3335 1024 3417 Euphorionem
1039 3340 1167 3420 aliquem
1181 3335 1297 3401 ‚matu

96 3445 99 3460 .
212 3419 286 3482 dum
311 3421 463 3497 defertur,
490 3443 620 3503 pronus,
637 3425 756 3504 secrm-
796 3432 917 3504 poetanr
945 3423 1186 3486 Alexandrinum
1212 3435 1296 3500 uprss·

210 3505 266 3565 dot
289 3508 490 3587 Aegyptum,
526 3511 653 3570 νὺιὶίιηι
676 3511 756 3572 laeto
798 3509 885 3586 sisee;
918 3529 1007 3588 quem
1036 3511 1139 3570 locum
1162 3509 1211 3589 qni
1231 3505 1296 3565 uniet

211 3611 354 3671 agrorum
365 3603 534 3673 proventu,
547 3599 638 3676 nigra
652 3618 756 3674 anna,
798 3595 959 3671 tenebant,
980 3597 1112 3656 Romani
1133 3605 1229 3678 poetae
1242 3587 1297 3666 oop'e

209 3697 267 3756 pro
282 3679 355 3740 limo
362 3700 371 3755 5
392 3688 437 3738 est
451 3681 530 3739 enim
552 3703 645 3740 arena
659 3683 756 3762 poetis
797 3681 889 3761 magis
917 3683 996 3740 forte
1025 3681 1297 3766 detecuhanune

210 3763 308 3842 simpl.
329 3763 427 3824 solum
453 3761 509 3847 (ut
527 3767 633 3847 Georg.
653 3767 755 3844 1,105
797 3787 881 3826 nunc
892 3765 1042 3828 innostria
1057 3769 1172 3842 animis,
1184 3765 1298 3854 bocatstj

211 3851 347 3910 cumulos
362 3851 579 3930 malepioguis
593 3875 703 3913 merrae
717 3853 755 3914 de
796 3852 838 3912 lio
858 3851 1022 3928 destitutio,
1059 3853 1126 3914 fieri
1155 3859 1248 3934 potest.
1276 3849 1297 3900 u

209 3933 302 4011 glebis
320 3935 484 3996 tenacibus.
501 3937 611 3998 Luoau.
634 3939 677 4016 11,
690 3938 755 4004 417
797 3937 846 3996 cui
876 3947 977 3998 tomen
1006 3937 1094 3999 aliter
1121 3923 1297 4020 videtuml

210 4020 239 4076 si
258 4041 319 4078 non
339 4023 515 4101 perplana
535 4029 664 4083 mermes
687 4025 752 4084 Ae·
796 4023 959 4084 intercedo.
989 4021 1065 4105 (vid.
1088 4043 1164 4104 quae
1183 4022 1295 4102 ἅψῃ

207 4108 300 4181 gypti
323 4106 456 4186 Libycos
479 4107 573 4168 Nilus
597 4122 753 4190 stagnaret
794 4109 828 4168 in
841 4109 878 4169 V.
890 4111 924 4170 L.
949 4107 1038 4192 Wr.)

177 4247 181 4252 .
210 4189 337 4273 annae)
351 4215 364 4266 ;
394 4206 424 4250 et
446 4213 534 4251 neem
557 4195 696 4254 dcircamit
720 4199 753 4255 in
838 4197 911 4262 295.
938 4195 1022 4254 Cous.
1040 4215 1109 4254 cum
1128 4211 1202 4270 seqq.
1218 4199 1293 4246 110⁸·

209 4287 323 4351 eeptem
344 4298 397 4336 ora
422 4277 551 4338 diversa.
594 4279 688 4358 Igitur
699 4289 753 4340 to·
794 4289 883 4362 ptum
897 4301 936 4340 ex
955 4279 1127 4342 Florentino
1143 4279 1176 4338 iu
1195 4275 1292 4350 (ievpffi

209 4359 259 4420 tua
276 4359 361 4422 locus
380 4361 443 4422 huo
462 4362 559 4423 redit:
582 4365 639 4424 Per
656 4375 754 4426 totam
795 4365 863 4443 XV,
885 4371 916 4442 2,
933 4385 963 4448 p.
977 4363 1040 4432 los
1053 4386 1116 4446 sqq.
1137 4361 1176 4445 (p.
1189 4361 1291 4424 101011·

208 4441 378 4524 Aegyptum
386 4445 395 4522 3
424 4463 492 4505 cum
513 4447 546 4506 in
575 4449 753 4512 oocideutali
796 4449 900 4536 Nice).
949 4453 1099 4532 Sequatur
1125 4449 1198 4510 tone
1217 4445 1289 4504 Μ

1351 3811 1353 3908 l
