2654 5000
173 423 241 496 AD
269 421 544 498 CARMINA
570 421 877 500 BUCOLICA
1030 434 1084 506 29

27 632 116 680 scum
133 618 203 682 eat
224 607 325 705 eius,
353 607 421 718 qui
443 607 516 682 sibl
540 620 622 684 erat
641 609 819 693 aemulus
841 609 882 686 in
905 615 1080 688 Neaerae

24 735 125 788 amore.

291 848 296 859 Ι
361 845 369 865 ⁸
415 882 532 980 (Ecl.
566 889 636 984 V.)

88 1019 177 1093 llanc
190 1017 497 1117 igiturEclogam
516 1021 589 1117 (ΠΙ
600 1021 696 1118 iam)
710 1020 1081 1122 composueratVrr-

19 1119 365 1214 giliussulraestateru
383 1125 428 1200 ai.
438 1132 524 1203 712.
552 1121 633 1198 Sed
647 1123 782 1223 paullo
797 1122 950 1224 posted
965 1122 1084 1197 aliam·

20 1245 78 1296 sese
99 1225 283 1323 accingere
300 1225 506 1320 debebat,
547 1251 674 1327 quum
701 1223 892 1302 instarent
918 1227 1080 1301 ineunte

21 1327 217 1402 nenselnlio
232 1325 355 1410 sertae
368 1330 536 1406 mmima
552 1328 789 1404 solennitate
809 1327 1081 1424 celebrandae,

19 1453 84 1526 quo
102 1431 299 1513 ffiumvin·
331 1432 372 1507 in
402 1431 602 1509 honorem
627 1431 717 1508 Iulii
742 1432 915 1511 Caesaris
944 1430 1082 1506 decre-

19 1546 120 1610 verant
643 1596 647 1606 .

87 1637 149 1711 lam
179 1660 239 1716 ao.
263 1643 352 1714 710.
383 1659 467 1710 non
496 1636 549 1713 ita
567 1635 696 1712 multo
723 1649 816 1737 post
839 1660 989 1726 necem,
1007 1635 1080 1713 lul.

17 1735 141 1814 Caesaris
167 1739 403 1816 Octavianus
435 1735 553 1814 ludos
583 1740 769 1816 solennes
791 1740 1011 1815 instituerat
1039 1739 1079 1812 in

17 1835 164 1918 honorem
185 1843 354 1922 Veneris
384 1842 619 1940 genitricisg-
637 1867 762 1944 quum
776 1839 833 1918 'ab
861 1841 935 1918 hac
956 1865 1081 1941 genus

16 1963 95 2016 suum
117 1943 183 2020 lul.
216 1948 359 2021 Caesar
381 1958 591 2044 repeteret.
648 1946 730 2022 Illis
769 1944 909 2020 diebus
940 1967 1080 2020 mense

17 2045 154 2138 Quinctili
168 2047 283 2125 stella
309 2047 444 2124 crinita
469 2048 655 2148 apparuit.
706 2048 883 2148 Populus
900 2048 974 2124 sibi
988 2073 1080 2148 per-

16 2149 109 2242 neit,
134 2153 306 2226 animam
331 2175 415 2227 esse
433 2151 521 2227 Divi
542 2149 629 2226 Iulii
653 2172 826 2254 cumque
850 2153 954 2227 inter
971 2155 1080 2228 Deos

17 2265 173 2350 receptum
197 2277 301 2344 esse;
336 2255 571 2330 Octavianus
600 2265 766 2330 statuam
794 2255 968 2332 Caesaris
989 2277 1081 2329 cum

17 2351 92 2428 stella
114 2381 228 2456 super
257 2369 374 2458 caput
402 2357 444 2432 in
471 2359 636 2435 Veneris
659 2357 812 2458 templo
834 2357 968 2458 posuit
989 2381 1081 2431 cum

17 2453 260 2563 titulollalocgc
278 2464 443 2563 ἡμιθέφς
463 2461 610 2548 mensis
618 2459 836 2554 Quinctilis,¹
850 2483 931 2560 quo
941 2461 1089 2536 Caesar.

16 2558 245 2658 occuluerat,
271 2561 429 2638 Iulius
455 2561 590 2642 dictus.
607 2569 696 2660 =AO.
721 2571 810 2643 712Ί
823 2561 906 2640 Kal.
932 2564 1081 2637 Ianuar.

18 2661 183 2740 lrlurnrirr'
202 2667 288 2740 iure
313 2665 482 2742 iurando
496 2691 498 2696 ·
513 2691 557 2742 se
588 2679 630 2741 ct
650 2665 747 2741 alios
779 2662 1083 2754 obstrinxerunt,

16 2767 109 2842 onnia
134 2769 311 2846 Caesaris
332 2782 415 2844 acta
444 2791 530 2845 sese
557 2783 639 2844 rata
659 2765 875 2845 habituros.
927 2763 1084 2842 Octavi-

17 2889 82 2941 anus
98 2894 136 2945 se
154 2871 413 2951 Octavianum
428 2874 636 2952 Gaesarem
648 2871 736 2953 Divi
756 2867 886 2945 filium
900 2867 1084 2944 nomina-

17 2967 57 3046 u't
94 2975 299 3075 lnpompa
317 2975 490 3053 Circensi
506 2976 588 3050 eius
602 2973 817 3072 imaginem
838 2980 930 3050 culn
946 2970 1084 3068 imagi-

16 3069 93 3148 nlius
113 3077 288 3152 Deorum
320 3091 361 3153 et
379 3078 514 3157 matris
540 3078 706 3157 Veneris
735 3073 978 3154 circumferri
1003 3075 1093 3150 ius·

16 3193 81 3254 un.
123 3179 319 3256 Sacellum
339 3181 377 3256 ei
403 3193 592 3283 tanquam
614 3179 729 3258 heroi
745 3182 786 3256 iu
808 3204 858 3257 eo
879 3177 970 3256 loco
993 3174 1084 3270 fori,

17 3297 70 3374 φο
88 3296 272 3359 crematus
286 3281 434 3378 fuerat,
461 3285 603 3362 exstrui
622 3297 829 3384 coeptum,
855 3305 921 3380 ac,
936 3283 975 3357 si
1053 3279 1084 3353 's

17 3399 76 3452 ltus
92 3382 232 3462 ilbrcse
255 3387 473 3488 reciperet,
504 3410 567 3474 ne:
590 3387 637 3461 ab
662 3405 726 3462 ara
757 3386 846 3464 Divi
868 3383 957 3460 Iulii
981 3305 1094 3457 addim

18 3497 154 3582 perum,
177 3489 354 3581 vetitum.
410 3489 611 3566 Sancitum
633 3488 808 3590 denique
829 3487 922 3564 dicis
942 3503 1085 3584 poenis

19 3595 43 3698 tl
60 3591 383 3687 exsecrationibus,
406 3605 455 3669 ut
469 3616 609 3668 omncs
627 3591 800 3670 natalem
815 3588 888 3668 lul.
912 3583 1086 3701 Caesaris

22 3681 94 3762 dum
104 3689 240 3773 hilara!
257 3708 311 3771 ,εἰ
342 3693 506 3772 laureati
539 3693 795 3772 celebrarent
857 3695 980 3766 Natus
1007 3679 1087 3804 lint

20 3783 62 3862 lll
82 3792 130 3872 ld.
161 3795 344 3892 Quinctil
374 3799 419 3876 ait
444 3801 530 3877 654.
582 3797 664 3875 Sed
697 3799 739 3874 in
768 3789 945 3872 eundern
978 3785 1097 3860 drem·

23 3881 76 4002 llll
96 3899 333 3998 Apollinares
364 3899 598 3977 incidercmt
656 3904 793 3995 Quum
822 3903 956 3968 autern
978 3886 1097 3962 libris·

22 3987 175 4088 Stbyllnis
194 4003 361 4080 vetitum
383 4016 502 4100 esset,
536 4025 588 4078 ne
609 4003 795 4103 cuiquam
826 3993 906 4068 deo
932 4001 1088 4089 praeter

23 4093 202 4208 lumem
226 4129 277 4180 eo
300 4105 367 4182 die
399 4130 507 4182 sacra
528 4103 690 4200 fierent,
722 4093 896 4176 natalitia
916 4093 1087 4167 Caesaris

22 4193 113 4284 prdie
132 4205 278 4304 agenda
308 4231 413 4304 esse,
436 4207 647 4287 decretum
673 4215 748 4296 est,
781 4197 805 4272 i·
837 4218 871 4271 e·
897 4195 963 4270 IV·
984 4197 1087 4274 N011·

23 4289 114 4398 lura)
154 4311 261 4402 Quae
281 4311 314 4386 si
337 4313 425 4412 quis
453 4309 691 4409 negligeret,
724 4319 836 4376 sacer
862 4305 903 4370 et
925 4294 1090 4372 devotus

45 4443 550 4534 lttte,qu·acpa.asav,cc
589 4465 649 4516 m.
