2652 5032
195 324 1004 467 ceonciconu1n.11,249-259
1083 379 1157 453 437
1270 379 1273 384 ·

55 561 95 633 Et
109 557 190 656 quis
209 557 271 633 cui
293 555 412 635 color.
446 555 765 636 ¹At'scelerutum
782 561 987 661 exquirere
1003 557 1126 660 frigus

54 656 209 736 Difficile
232 673 307 737 est:
333 661 469 762 piceae
485 673 638 736 tanturn
654 661 809 760 taxique
829 677 1021 740 nocentes

54 761 266 860 Interdum,
297 777 362 838 aut
385 763 529 838 ederae
547 762 729 862 pandunt
743 765 903 862 vestigia
919 767 1064 864 nigrae.

93 868 157 940 His
172 867 468 964 animadversis,
495 880 644 942 terram
659 867 787 943 multo
806 881 897 944 ante
913 883 1121 946 memento
1192 869 1195 876 '

78 1039 124 1093 256
138 1041 311 1110 Ecquiequie
331 1041 414 1092 color.
441 1053 471 1092 at
490 1040 549 1092 edd.
565 1039 642 1092 Aldd.
663 1040 762 1109 primae
784 1050 811 1092 et
831 1041 892 1093 hinc
907 1044 1053 1109 profectae,
1077 1053 1105 1094 et
1118 1042 1157 1094 cic

22 1121 23 1126 ’
52 1109 130 1158 Medic.
144 1127 203 1160 eru.
219 1127 273 1160 eec.
289 1120 315 1160 et
328 1109 446 1180 plerique
461 1127 564 1169 omnen
592 1108 773 1162 etiumuoetri.
808 1111 933 1162 Defendit
951 1113 1002 1164 hcc
1016 1112 1156 1164 Serviano-

52 1195 96 1228 mm
114 1187 212 1230 endor.
256 1182 310 1230 Seu
330 1181 453 1248 quicquic
474 1180 515 1231 ed.
531 1181 599 1230 Ven·
633 1183 671 1230 Et
692 1182 754 1248 quie
782 1183 828 1232 cui
846 1183 904 1232 cive
923 1181 999 1233 color
1018 1183 1155 1232 Romanus.

52 1251 80 1296 Et
90 1249 145 1314 quir
156 1251 256 1317 cuique
271 1248 359 1299 color:
377 1261 407 1298 ut
419 1249 593 1312 sceleratum,
612 1257 642 1298 ut
655 1259 694 1300 eet
708 1248 736 1298 in
749 1249 844 1300 Medic.
859 1268 921 1300 um.
935 1268 985 1317 pr,
1001 1249 1028 1302 in
1043 1249 1100 1300 aliis
1113 1268 1155 1318 ep.

51 1315 161 1380 Pieriam,
187 1317 261 1368 etin
277 1317 443 1378 uqueud.;
467 1329 562 1370 etcum
577 1335 679 1368 versum
690 1317 847 1368 labefactum
858 1287 992 1382 riderenl,
1009 1320 1083 1372 color
1097 1337 1156 1370 mu-

51 1395 94 1434 tato
107 1384 132 1434 in
145 1385 235 1448 coloe,
253 1385 467 1454 quemadmodum
481 1387 562 1438 Pierii
576 1386 709 1438 Mediceue
723 1387 818 1450 habet,
842 1399 886 1440 eut
898 1387 1002 1440 excluso
1018 1401 1048 1440 at
1062 1388 1156 1440 lectum

51 1471 96 1504 erre
109 1454 134 1504 in
148 1453 366 1524 antiquitatibus,
410 1465 466 1507 etet
481 1474 495 1507 e
509 1455 654 1520 deminuit,
678 1455 777 1508 Zulich.
790 1467 817 1507 et
831 1456 1017 1508 unollrnndel.
1052 1455 1157 1508 Scilicet

51 1526 203 1604 Requirere
218 1524 311 1587 color,
329 1541 379 1592 quo
415 1525 561 1593 Naugerius
575 1526 633 1576 Ald.
648 1536 708 1576 tert.
720 1525 874 1590 adsciverat,
890 1527 951 1578 iude
965 1528 1064 1578 Manut.
1076 1527 1156 1577 (lom-

51 1591 120 1644 uelrn.
131 1593 273 1656 Pnlrnenn„
290 1611 352 1646 vera
366 1593 459 1656 lecti05
477 1595 606 1663 reperitur
615 1593 660 1645 ille
675 1593 701 1645 in
713 1594 819 1646 Mentel.
833 1613 874 1663 pr.
887 1613 903 1648 u
915 1613 947 1647 m.
961 1613 1001 1664 pr.
1036 1598 1089 1656 cui,
1105 1611 1155 1664 pro

21 1661 24 1666 ’
51 1661 187 1731 monaque,
205 1663 260 1714 vid.
283 1664 369 1714 Burm.
397 1664 530 1734 (quiecui
547 1683 580 1715 ue
591 1664 681 1736 prior,
706 1667 827 1734 quicquic
840 1664 923 1716 ultera
942 1665 1021 1716 lectio
1034 1661 1155 1717 Medicei-

51 1731 116 1782 llecte
129 1733 219 1802 utique
236 1737 274 1782 Et
287 1735 348 1802 quie
361 1735 407 1784 cui
419 1733 494 1784 color
508 1683 610 1796 editur,
619 1751 694 1800 „quae
713 1743 753 1784 eet
774 1732 852 1784 etium
863 1733 946 1786 Pelet.
958 1733 1046 1786 lectio.
1081 1732 1156 1785 ntia-

51 1817 85 1852 utu
98 1812 135 1854 eet
146 1799 221 1853 locun
235 1820 251 1852 e
267 1802 351 1852 Burin.
374 1801 405 1853 ud
424 1801 604 1854 illustrandum
621 1801 674 1854 hoc
690 1801 794 1854 dicendi
810 1820 890 1870 gerne
913 1821 944 1854 ex
957 1803 1033 1857 Livio
1054 1803 1155 1855 ellatur.

51 1871 90 1919 Cui
104 1869 199 1922 dictum
224 1887 274 1939 pro
300 1873 412 1940 cuique3
446 1870 485 1922 cic
508 1871 638 1926 interdum
680 1873 723 1924 uir
741 1889 791 1940 pro
831 1875 927 1942 uirque
945 1882 1009 1954 poet
1030 1871 1155 1934 celatim

22 1945 23 1950 ’
50 1939 115 1990 nriuc
128 1939 194 1990 illud
213 1939 319 2020 quidem
333 1940 402 2006 apud
415 1941 591 2009 antiquiores,
615 1890 731 1992 eredriue
753 1892 830 2009 apud
836 1941 967 1994 inierione
981 1941 1073 1994 aetati·
1087 1941 1156 1994 ecri-
1258 1944 1264 1964 ¹

21 2039 23 2042 -
51 2019 129 2074 ptores.
164 2011 252 2061 Tacit.
272 2007 365 2062 Annul.
383 2011 418 2072 11,
443 2012 501 2064 26.:
525 2009 658 2073 „Addidit
678 2009 879 2062 munificentiam
898 2012 1007 2076 Caesar,
1034 2023 1156 2080 quantum

51 2077 108 2142 quir
125 2077 210 2129 dumni
223 2079 358 2146 profereus
372 2088 443 2144 eret,
471 2079 655 2131 exsolvendof‘
689 2082 735 2145 Ν,
752 2081 809 2134 23.ε
835 2081 964 2150 „ipeeque
985 2077 1156 2149 eprovincie,

50 2155 72 2194 ut
96 2147 167 2215 quie
192 2148 317 2199 fortunae
338 2147 429 2216 inope,
463 2149 577 2200 moribus
597 2147 732 2213 turbidus,
762 2149 889 2216 promtior
914 2151 1055 2202 ruebant.“
1084 2149 1154 2220 Wr.)

49 2215 89 2268 257
104 2229 209 2268 tantum
227 2218 323 2287 piceae
339 2218 432 2268 Moret.
454 2235 506 2270 eec.
575 2219 627 2272 258
644 2219 714 2272 haut
733 2219 842 2281 Medic.;
867 2219 895 2270 iu
917 2220 1010 2272 eodem
1047 2219 1156 2272 andum
1201 2235 1208 2248 ¹

49 2285 131 2350 primae
154 2285 222 2338 duae
246 2285 353 2336 litterae
372 2285 490 2338 inlitora
506 2305 522 2338 e
541 2305 574 2338 m.
595 2304 647 2339 rec.
668 2305 701 2338 un
721 2285 766 2338 ille
780 2301 909 2360 pangunt
922 2238 1046 2341 liubuitdJ
1102 2289 1155 2344 259

50 2355 89 2404 Hir
99 2357 176 2408 etiam
189 2357 319 2408 adversis
331 2357 407 2420 Ven,
424 2367 451 2408 et
463 2356 515 2407 vid.
529 2356 576 2408 int.
593 2357 690 2424 Georg.
702 2358 746 2422 111,
765 2357 824 2412 128·

49 2496 171 2571 tulere,
194 2497 314 2576 nigrum
334 2517 373 2556 un
394 2495 452 2556 elio
465 2497 574 2574 colore,
616 2497 711 2556 multe
729 2497 795 2556 loce
828 2495 974 2575 congessit
994 2495 1099 2554 Cerda.
1118 2497 1154 2555 cs.
1219 2557 1223 2562 ,

49 2579 99 2657 ipso
119 2583 277 2644 oculorum
296 2603 355 2642 ueu
375 2585 574 2661 cognoscitur.
615 2581 735 2642 Mertin.
748 2583 888 2659 pandiae
904 2583 1048 2660 vestigia,
1073 2581 1154 2640 indi-

50 2671 157 2726 uenam
179 2689 211 2727 ee
226 2669 331 2746 prodit
336 2691 348 2741 ;
385 2669 501 2748 poetice
520 2689 573 2730 ru·
616 2666 957 2747 ciupraebentsrigorie.
980 2667 1035 2724 nisi
1051 2665 1088 2724 ad
1103 2686 1151 2724 ra-

50 2751 130 2828 tione,
151 2753 245 2831 vulgo
261 2754 381 2828 diceres,
401 2759 489 2813 tacite
495 2778 507 2826 ;
531 2763 573 2829 ut,
616 2753 695 2812 dices
712 2753 841 2826 referes,
869 2751 976 2828 quibus
1001 2751 1064 2810 eolo
1083 2759 1155 2809 eunt

21 2879 22 2882 η
49 2855 92 2912 pro
122 2839 267 2898 adverbio
294 2841 387 2898 tuceta
413 2839 516 2918 prodit
542 2859 573 2898 ee
616 2839 738 2912 affixae,
759 2847 797 2896 ut
815 2836 890 2894 adeo
913 2835 1028 2894 dictum
1047 2836 1086 2894 eit
1097 2855 1154 2916 pro

21 2943 23 2950 ’
49 2927 132 2998 ωτι,
159 2925 296 3004 argutius
313 2926 438 2982 tacitam
456 2946 499 2984 ee.
530 2925 574 2984 Cs.
616 2921 757 3003 simplici:
778 2922 821 2982 ibi
836 2929 983 2980 creemmt.
1016 2923 1155 3000 Vectigiu

49 3007 242 3084 Colum.ll,2‚
256 3011 295 3075 15
311 3030 354 3088 eq.
614 3030 670 3089 pro
685 3008 812 3089 pedibus
818 3052 829 3083 ,
848 3007 973 3088 plantis,
994 3006 1154 3082 radicibus,

80 3095 269 3160 256-258.
300 3093 420 3172 Frigida
438 3103 521 3156 terra
534 3093 574 3154 ed
615 3093 751 3174 figuntur
763 3139 775 3170 ‚
816 3092 1023 3153 extenduntur
1036 3135 1057 3170 ,·
1077 3113 1155 3174 pen-

49 3181 271 3256 cognoscendum
289 3176 416 3240 difficilis
435 3187 487 3238 eet
508 3200 574 3238 ece·
616 3181 742 3240 duntur.
785 3180 832 3240 lta
851 3189 888 3238 ut
912 3179 1078 3260 acciperet,
1104 3179 1154 3238 iu-

48 3261 158 3323 tratum
171 3285 230 3345 pro
244 3266 345 3340 noxio,
369 3273 405 3324 ut
416 3284 575 3324 venenum.
616 3265 783 3326 ducebatur
802 3263 969 3324 Wakefield
986 3285 1077 3326 versu
1092 3265 1156 3323 Lu·

48 3345 84 3404 ltu
104 3353 236 3428 imprium
260 3351 394 3428 adeoque
412 3347 574 3410 detestabi—
616 3352 749 3412 cretiano
761 3351 813 3410 lib.
827 3350 939 3425 V,912
967 3352 1032 3410 Ara
1053 3350 1152 3408 homi-

48 3429 88 3506 tie,
107 3436 301 3496 execrandus.
343 3437 390 3495 Itu
409 3455 495 3515 euepe
511 3437 575 3516 ipee
615 3459 683 3496 nem
696 3449 779 3496 tanto
802 3433 996 3494 membrorum
1020 3436 1153 3494 eeeeinr-

48 3515 128 3580 llaro.
148 3521 222 3581 Aen.
235 3521 283 3597 lll,
297 3525 339 3586 60
360 3522 575 3580 scetemtater-
612 3535 682 3600 pete
703 3533 826 3598 nauem,
861 3525 957 3580 Tium
976 3523 1075 3579 muria
1088 3520 1153 3576 alta

49 3623 83 3662 ru.
103 3606 168 3682 Vll,
189 3609 250 3671 461
275 3629 317 3664 ec.
348 3605 469 3666 uwurie'a
495 3605 574 3666 hetti.
610 3607 725 3685 pedum
742 3611 832 3666 necue
850 3619 883 3665 ut
897 3607 1032 3686 pandere
1043 3611 1152 3683 posset.

50 3687 422 3766 edd.11,281.x11‚949.
466 3693 576 3750 Subest
616 3693 729 3753 Verum
750 3701 857 3772 poetae
884 3691 1056 3764 concilium,
1084 3707 1153 3748 eeu-

50 3791 107 3832 nne
132 3778 215 3836 notio
247 3786 350 3836 reetue
388 3795 426 3836 cx
456 3778 573 3852 scelere,
616 3778 726 3838 tentiae
750 3787 856 3853 tenor,
887 3785 917 3834 et
939 3775 1056 3849 currilia,
1077 3791 1154 3852 quae

51 3861 126 3918 crede
139 3863 224 3922 etsie
248 3883 356 3942 pomo:
377 3881 500 3938 verum,
521 3862 574 3922 ubi
617 3871 853 3938 antecesserunt,
873 3881 918 3922 re.
931 3859 991 3924 241
1016 3861 1076 3918 tale
1093 3859 1153 3917 da-

51 3943 81 4001 de
93 3957 176 4024 poete
199 3957 230 4007 et
248 3947 292 4006 de'
305 3947 436 4027 epitheto
453 3949 574 4026 quaeri·
616 3948 658 4008 bit
668 3952 826 4028 specimen,
843 3958 997 4025 promtum
1008 3957 1050 4002 eet
1057 3965 1153 4022 prae-

51 4036 104 4106 tur,
123 4033 154 4091 in
169 4043 270 4112 etymo
282 4034 427 4092 nonlicet
441 4031 573 4110 haerere,
615 4034 725 4093 deucere
739 4079 747 4109 ,
771 4033 895 4092 firmant
914 4031 1047 4112 priorem
1056 4029 1152 4090 inter-

52 4112 85 4170 ltt
101 4129 136 4176 ut
155 4118 194 4178 sit
212 4119 323 4193 solum,
360 4119 442 4198 quod
461 4128 573 4180 enecet.
613 4119 821 4200 pretationem.

56 4201 124 4260 Turi
141 4213 193 4262 eut
213 4213 331 4264 certum
355 4225 446 4284 genus
461 4205 573 4265 intelli-
656 4207 761 4269 259-
769 4207 841 4267 262.
863 4202 986 4261 Tremit
996 4201 1036 4262 ed
1046 4203 1152 4261 nuwa-

53 4286 180 4363 gendum,
201 4299 255 4348 eut
267 4290 325 4349 elio
339 4291 395 4350 cub
411 4292 491 4351 caelo
506 4311 573 4350 mu·
612 4293 847 4363 retentationem,
867 4287 1023 4366 dequibus
1036 4287 1153 4366 copiose

53 4369 183 4443 glenoxic
199 4376 261 4434 eius
281 4385 391 4438 nature
411 4395 473 4434 esse
488 4377 571 4435 solet.
615 4375 677 4454 egit
691 4373 731 4432 ad
741 4393 772 4433 v.
783 4371 857 4448 419,
877 4373 934 4433 eui
944 4374 1040 4434 multa
1054 4373 1152 4432 inter-

54 4451 87 4513 lle
103 4477 148 4536 eu,
174 4460 245 4522 item
274 4461 313 4522 de
331 4461 442 4521 hedera
468 4465 570 4542 nigra,
613 4460 713 4542 ponite
732 4467 822 4538 eunt,
849 4479 926 4540 quue
941 4459 1054 4522 vitibus
1067 4476 1152 4517 com-
