2654 5000
199 412 265 484 tn
292 410 562 487 CARMINA
595 411 900 489 BUCOLICA
1054 415 1104 492 25

50 591 237 694 simplicitate
266 592 314 668 ad
341 593 554 692 luxuriem,
596 595 644 672 ab
673 597 893 696 integritate
922 621 1103 677 morum-

47 723 100 797 que
116 698 261 775 castitate
286 696 338 774 ad
362 697 545 777 libidines
563 693 772 795 deflexisse
793 701 990 800 penhella
1016 701 1103 778 diu-

47 813 138 892 tuma,
172 797 393 902 divitiasque
422 815 641 901 exterarum
674 803 852 901 gentium
887 829 1103 906 earumque

45 902 220 1004 exemplam
247 928 368 1008 saepe
395 903 763 1004 corruptiSsimum,v
797 931 872 990 nec
898 907 1030 988 solnm
1054 905 1103 984 ad

45 1003 172 1082 illicitam
188 1011 396 1102 Venerem,
421 1007 494 1084 sed
516 1005 565 1084 ad
589 1010 786 1109 impuram
798 1009 918 1088 adeo.
971 1015 1104 1105 Quum

44 1111 116 1181 enin
138 1111 258 1208 priscis
282 1111 534 1211 temporibus
566 1125 673 1187 tanta
702 1109 839 1188 suisset
863 1115 1103 1193 matrimonii

43 1211 194 1300 unrdtas,
221 1226 265 1288 ut
286 1238 375 1290 eam
396 1215 461 1290 vel
485 1213 624 1305 leviter
651 1215 810 1290 laedere
831 1214 953 1297 nefas
982 1215 1105 1292 habe-

43 1325 127 1401 atur,
159 1314 214 1390 his
240 1317 488 1418 temporibus
517 1318 619 1394 adeo
649 1319 823 1418 perversi
850 1342 935 1397 esse
961 1341 1105 1418 coepe-

44 1431 103 1490 runt
125 1415 324 1498 hominum
347 1446 501 1520 mores,
543 1434 589 1496 ut
611 1419 812 1503 adulteriis
845 1433 887 1499 et
905 1435 1106 1498 matrona-

43 1545 99 1594 nm
119 1523 229 1621 vetito
254 1549 389 1601 amore
410 1549 462 1601 ne
484 1523 722 1600 ‚nobilissimi
745 1523 910 1626 quidem
933 1535 972 1600 et
997 1547 1106 1600 sum-

43 1623 78 1714 ni
99 1623 327 1704 abstinerent.
377 1633 520 1729 Neque
546 1652 642 1702 vero
670 1629 715 1718 in¹
733 1651 783 1704 eo
806 1627 1106 1704 subsistendum

40 1724 86 1798 sili
105 1749 177 1804 esse
205 1731 294 1828 rati,
339 1731 389 1806 ad
418 1734 615 1832 impuram
635 1756 805 1833 quoque,
825 1729 1034 1808 libidinem
1067 1743 1107 1806 et

19 1853 208 1934 ¹puerorum
230 1834 396 1920 abusum
420 1834 724 1932 delabebantur,
757 1836 809 1910 ita
835 1831 1019 1936 quidem,
1049 1848 1105 1928 ut,

40 1955 129 2032 aquo
147 1935 290 2013 scelere
316 1951 454 2015 natura
475 1963 543 2013 sua
568 1941 772 2014 Romanos
793 1939 1026 2034 retinuerat,
1064 1937 1106 2012 id

38 2041 258 2134 pergentium
280 2040 634 2141 perditissimamm
648 2042 737 2137 vitia
753 2043 950 2141 aspernari
971 2039 1106 2124 desiis-

38 2151 102 2215 auc.
150 2146 398 2246 Quanquam
429 2169 525 2220 vero
554 2145 737 2242 Virgilius
766 2143 839 2220 hac
876 2158 1112 2244 temporum

37 2241 238 2334 puditurum
272 2249 429 2323 miseria
465 2247 635 2324 eremari
666 2261 817 2348 posset,
878 2248 909 2322 si
946 2249 1105 2348 impuro
1205 2315 1209 2322 .

38 2365 132 2421 auore
158 2349 351 2426 dilexisset
368 2349 653 2446 Alexandrum,
691 2375 776 2426 non
808 2347 1023 2426 defuerunt
1048 2362 1107 2426 ta-

38 2469 99 2522 nen
116 2451 184 2527 iam
205 2455 340 2554 priscis
363 2448 623 2556 temporibus,
651 2467 769 2556 atque
784 2452 966 2553 aequales
993 2453 1107 2548 ade0,

38 2563 64 2622 ut
79 2559 242 2632 Asconius
261 2556 475 2654 Pedianus,
510 2559 577 2658 qui
601 2556 797 2632 eiusmodi
822 2554 979 2654 culpam
1003 2581 1024 2630 a
1046 2579 1108 2629 ca-

37 2653 79 2724 stis
95 2659 227 2756 Virgilii
247 2661 425 2736 moribus
445 2674 711 2738 removerent.
761 2660 872 2735 Licet
895 2659 1003 2732 enim
1025 2681 1108 2730 non

38 2764 237 2860 negaverint,
268 2763 379 2866 quod
403 2762 517 2857 fateri
541 2763 754 2851 debemus,
794 2774 969 2838 amatum
989 2758 1109 2836 fuisse

37 2883 48 2924 a
69 2863 203 2962 Virgilio
227 2866 511 2958 Alexandrum3
545 2867 766 2968 probarunt
789 2877 923 2940 tamen
946 2877 985 2938 et
1016 2887 1110 2938 eum

38 2973 62 3032 tt
75 2965 255 3062 Cebetem,
282 2969 404 3046 alium
425 2971 627 3072 quendam
645 2978 829 3072 puerum,
857 2980 961 3042 casto
973 2990 1109 3043 amore

38 3057 315 3168 subedituus,
348 3075 406 3150 uti
430 3099 451 3150 a
473 3078 634 3150 Socrate
660 3087 700 3150 et
721 3073 887 3153 Platone
908 3068 1109 3146 formosos

37 3165 172 3266 imanes,
204 3200 287 3252 non
308 3177 499 3252 abutendi
517 3179 562 3252 iis
584 3177 749 3252 consilio
780 3174 829 3250 ad
850 3173 996 3268 scelus,
1037 3175 1110 3250 sed

36 3271 201 3355 erudiendi
213 3278 495 3382 formandique
518 3265 630 3358 tausa
649 3280 904 3381 perdoctam
924 3279 995 3354 viri
1012 3279 1109 3354 boni

37 3383 332 3462 consuetudinem.
385 3389 441 3460 Ac
465 3381 647 3484 prolecto
669 3383 851 3481 Virgilius
883 3395 924 3464 et
957 3381 1110 3457 Alexim

37 3487 60 3544 tt
75 3481 247 3562 Cebetem
275 3486 444 3564 erudivit
474 3489 545 3584 ita,
595 3500 641 3567 nt
676 3511 722 3564 ex
743 3483 813 3564 illo
844 3483 961 3561 fieret
980 3505 1110 3580 gram-

37 3583 175 3682 uticus,
218 3615 263 3666 ex
286 3589 366 3665 hoc
386 3590 522 3666 'autem
546 3601 674 3690 poeta.

106 3689 220 3768 Pollio
242 3691 309 3768 illo
332 3694 506 3768 carmine
522 3692 622 3770 adeo
639 3690 852 3768 delectatus
867 3701 944 3782 est,
964 3699 1009 3762 ut
1023 3687 1111 3762 Vir-

38 3781 99 3872 gilio
115 3791 215 3870 dono
244 3795 356 3872 daret
377 3795 660 3891 Alexandrum,
694 3795 802 3870 cuius
820 3815 931 3868 causa
954 3791 1112 3866 mutatis

41 3893 223 3974 nominibus
236 3897 278 3974 id
299 3913 386 3976 erat
400 3901 679 4000 conscriptum.
712 3895 864 3992 Quodsi
880 3896 920 3971 in
935 3893 1014 3968 hoc
1030 3917 1112 3970 car·-

39 3989 115 4068 ffllsse
138 4001 312 4100 Virgilius
341 4001 475 4102 paullo
512 4003 737 4080 ardentiore
774 4021 910 4074 amore
947 3996 1111 4074 Alexan-

40 4085 124 4206 drum
140 4107 417 4208 concupiscens
431 4106 546 4181 nobis
558 4106 732 4194 videtur3
749 4113 989 4202 reputemus,
1007 4125 1112 4196 eum,

40 4195 88 4308 arsi
101 4217 244 4298 poetam
260 4207 446 4284 voluisset
461 4233 621 4298 exuere,
646 4205 824 4310 poetico,
841 4201 881 4278 id
898 4215 956 4280 est
970 4204 1112 4280 arden-

41 4303 112 4374 nore
125 4319 159 4380 et
171 4312 315 4388 acriore
332 4309 466 4388 colore
483 4313 539 4388 uti
558 4307 751 4388 debuisse.
805 4310 890 4383 lloc
907 4319 1041 4386 autem
1062 4330 1112 4383 eo

41 4399 139 4480 minus
165 4407 280 4490 debet
308 4413 467 4514 negligi,
502 4439 583 4516 quo
610 4413 733 4512 magis
759 4411 967 4514 conspicua
994 4409 1112 4488 estin
