2654 5000
205 391 278 462 AD
311 387 584 463 canutus
619 385 924 463 BUCOLlCA
1081 395 1129 466 37

31 587 101 667 tur,
128 573 254 648 mitius
272 571 620 650 deseiudicarent.
675 571 755 647 Sed
770 573 847 649 iam
871 600 892 650 a
915 573 1041 649 milite
1070 570 1131 647 of-

28 673 135 750 fenso
149 675 335 750 tumultus
351 675 446 770 orti,
474 673 588 750 multi
606 675 739 771 occisi,
760 689 980 778 pantrnque
996 673 1131 772 abluit,

28 779 112 878 quin
132 779 212 878 ipse
230 778 339 854 abiis
354 775 655 858 interficeretur.

117 881 236 975 Quod
267 906 392 984 quum
416 905 467 956 eo
489 893 665 980 spectare
696 881 860 956 sentiret
885 882 1131 977 Octavianus,

25 997 61 1056 ut
75 981 286 1060 milesium
308 985 348 1058 in
366 983 498 1059 studio
521 984 680 1080 segnior
698 985 814 1080 nimis
845 981 1132 1078 offenderetur,

24 1085 150 1162 denuo
171 1087 264 1163 huic
284 1111 444 1163 morem
466 1109 606 1184 gerere
632 1088 780 1188 coepit,
814 1085 1010 1189 populum
1033 1107 1131 1166 uero

27 1215 97 1264 ase
116 1203 315 1287 avertere,
348 1193 401 1265 ita
419 1202 465 1266 ut
485 1189 564 1264 iam
588 1189 715 1280 modo
740 1188 792 1264 ob
815 1189 973 1288 populi,
1004 1188 1130 1264 modo

25 1293 68 1366 ob
97 1291 231 1368 militis
253 1291 434 1368 savorem
457 1292 560 1366 male
585 1291 759 1388 audiret,
791 1305 983 1393 utrosque
1006 1291 1132 1367 modo

26 1393 260 1489 offenderet,
286 1395 413 1471 modo
427 1395 614 1496 placaret,
640 1419 888 1496 possessores
902 1391 996 1495 pelli
1012 1418 1059 1491 se
1074 1395 1134 1470 in-

26 1499 133 1594 iuria,
172 1497 319 1574 milites
341 1523 424 1574 non
448 1523 523 1597 pro
547 1522 619 1598 spe
647 1499 883 1575 meritorum
912 1498 1066 1574 tractari
1092 1521 1135 1572 se

29 1615 237 1700 querentes.
302 1601 384 1676 Sed
411 1614 546 1676 tamen
580 1625 705 1702 quum
736 1625 757 1676 a
789 1599 978 1676 militibus
996 1601 1135 1708 ,potis-

24 1705 153 1778 simum
169 1705 246 1779 sibi
261 1703 485 1780 timendum
501 1705 688 1800 sentiret,
717 1703 851 1780 denuo
869 1727 981 1802 agros
999 1703 1134 1780 divisit

24 1809 163 1883 llomae
184 1820 227 1883 et
244 1831 317 1908 per
335 1805 486 1883 ltaliam
512 1803 647 1886 fames.
698 1811 855 1885 Romae
880 1819 920 1883 et
942 1831 1071 1908 prope
1094 1807 1134 1880 in

24 1910 204 1986 omnibus
216 1909 346 1986 ltaliae
359 1910 526 1986 urbibus
540 1910 644 1986 inter
655 1909 818 2011 plebem
844 1923 890 1990 et
905 1908 1048 1986 milites
1074 1933 1135 1986 ar-

25 2013 83 2086 mis
98 2011 350 2090 decertatum
363 2026 431 2092 est
491 2019 647 2112 (blense
664 2013 823 2112 Sextili.)

110 2113 251 2192 Paullo
264 2114 1041 2205 antemiseratOctarianusSalvidienum
1049 2118 1134 2192 Ru-

26 2216 97 2294 l'unu
115 2243 214 2296 cum
232 2243 298 2297 sex
320 2217 544 2318 legionibus
565 2221 605 2296 in
635 2220 869 2322 Hispaniam.
920 2221 968 2294 In
995 2219 1135 2295 itinere

24 2321 235 2398 Placentiae
262 2323 399 2400 turbas
421 2321 605 2400 lecerunt
633 2337 674 2398 et
697 2323 883 2425 pecunias
913 2333 1136 2419 exegerunt.

27 2423 182 2502 Calenus
209 2439 250 2500 et
266 2425 493 2523 Ventidius,
586 2427 849 2503 osAntonius
877 2447 935 2502 ao.
968 2433 1055 2503 711.
1083 2449 1136 2500 m.

26 2529 223 2606 lleoembr.
240 2528 388 2605 Galliae
405 2535 553 2606 Transa
568 2530 685 2630 pinae
698 2525 963 2630 praefecerat,
989 2523 1137 2600 tumul-

28 2633 213 2706 tuantibus
248 2631 320 2706 illis
357 2633 559 2708 Octaviani
590 2631 778 2708 militibus
809 2627 929 2728 Alpes
959 2625 1138 2728 praeclu-

29 2749 154 2814 serunt
210 2736 362 2815 Asinius
389 2733 516 2812 Pollio
542 2734 709 2811 eosdem
735 2743 1042 2840 aggressusest,
1077 2753 1139 2804 ar-

29 2861 105 2912 cens
123 2839 175 2915 ab
198 2839 337 2914 itinere
358 2852 398 2913 et
417 2863 436 2913 a
453 2839 655 2940 provincia
672 2835 884 2936 Cisalpina,
911 2834 982 2909 cui·
994 2831 1042 2939 ab
1058 2836 1139 2908 An-

30 2939 479 3044 toniopraelectuserat.
927 3011 932 3022 .

112 3049 272 3121 interca
283 3049 377 3123 Luc.
392 3045 587 3122 Antonius
602 3055 643 3119 et
657 3040 805 3137 Fulvia,
820 3063 945 3142 quum
961 3035 1138 3114 animad-

32 3150 224 3226 venissent
237 3149 496 3224 Octavianum
508 3146 715 3224 consilium
731 3157 916 3238 mutasse,
927 3155 1139 3243 postquam

32 3251 210 3328 tunultus
235 3251 374 3327 exstitit
397 3263 441 3328 et
459 3275 524 3327 res
546 3250 597 3328 ad
622 3247 774 3328 bellum
796 3257 972 3348 spectare
997 3245 1139 3345 coepit,

34 3369 168 3431 mutato
190 3353 350 3430 consilio
365 3353 455 3456 plus
476 3349 659 3456 praesidii
678 3353 718 3428 in
741 3351 786 3426 iis
809 3375 893 3428 esse
919 3349 1010 3444 rati,
1038 3371 1140 3447 quos

36 3457 256 3535 Octavianus
268 3455 460 3552 laesisset,
487 3457 564 3534 bos
580 3455 630 3532 ad
644 3452 881 3556 sepellicere
894 3451 1141 3528 studuerunt

37 3563 156 3638 tucius
169 3585 215 3637 se
233 3559 551 3638 Triumvirorur'n
567 3571 805 3660 potestatem
826 3557 1017 3653 abrogare
1033 3552 1141 3652 prio-

37 3687 189 3766 rumque
211 3663 451 3765 reipublicae
480 3662 655 3738 sormam
676 3661 884 3737 restituere
912 3655 1014 3733 velle
1047 3677 1145 3756 pro-

40 3767 140 3864 nisit,
163 3793 279 3868 spem
300 3765 417 3863 lecit,
445 3764 688 3860 consolatus,
713 3761 908 3864 pollicitus
923 3771 990 3836 est
1042 3758 1142 3833 Hinc

43 3873 174 3961 grauior
191 3871 383 3946 d’ncordia
401 3891 493 3945 cum
511 3869 737 3946 Octaviano.
788 3864 930 3942 Lucius
949 3865 1064 3938 Cons.
1080 3885 1143 3934 cu-

42 3973 194 4053 stodiam
207 3976 385 4074 corporis
402 3973 562 4065 sumsit3
577 3972 634 4046 uti
650 3995 670 4046 a
684 3969 894 4045 laesisacce
925 3975 1008 4040 erat
1016 3987 1141 4064 spem,

42 4071 82 4148 ita
98 4075 205 4152 dedit
222 4075 354 4159 auxilii
406 4075 469 4153 Ad
487 4099 581 4152 euru
599 4087 639 4152 et
651 3993 944 4247 Fulviampulbi
958 4089 1143 4166 agrorum

44 4201 270 4272 possessores
295 4181 423 4279 etqui
448 4178 520 4260 sibi
549 4177 761 4267 timebant;
799 4197 819 4248 a
873 4171 1143 4264 octavianum,

45 4283 98 4376 qui
110 4282 328 4384 probabant
344 4281 597 4376 divisionem,
622 4277 767 4355 milites
778 4276 1026 4374 maximeque
1038 4285 1145 4348 vete

46 4385 115 4460 rani
131 4409 173 4464 se
186 4383 453 4464 conferebant.
481 4379 629 4464 Galliae
646 4379 863 4482 Cisalpinae
880 4389 1016 4455 autern.
1031 4375 1144 4472 cives,
