<?xml version="1.0" encoding="UTF-8"?>
<!DOCTYPE html PUBLIC "-//W3C//DTD XHTML 1.0 Transitional//EN"
    "http://www.w3.org/TR/xhtml1/DTD/xhtml1-transitional.dtd">
<html xmlns="http://www.w3.org/1999/xhtml" xml:lang="en" lang="en">
 <head>
  <title>
</title>
<meta http-equiv="Content-Type" content="text/html;charset=utf-8" />
  <meta name='ocr-system' content='tesseract 3.04.00' />
  <meta name='ocr-capabilities' content='ocr_page ocr_carea ocr_par ocr_line ocrx_word'/>
</head>
<body>
  <div class='ocr_page' id='page_1' title='image "./publiusvirgiliu00virggoog/publiusvirgiliu00virggoog_0634.png"; bbox 0 0 2706 5002; ppageno 0'>
   <div class='ocr_carea' id='block_1_1' title="bbox 196 353 1150 451">
    <p class='ocr_par' dir='ltr' id='par_1_1' title="bbox 196 353 1150 451">
     <span class='ocr_line' id='line_1_1' title="bbox 196 353 1150 451; baseline 0.004 -21"><span class='ocrx_word' id='word_1_1' title='bbox 196 353 557 430; x_wconf 89' lang='lat' dir='ltr'>GEORGICON</span> <span class='ocrx_word' id='word_1_2' title='bbox 582 355 687 432; x_wconf 89' lang='lat' dir='ltr'><strong>LIB.</strong></span> <span class='ocrx_word' id='word_1_3' title='bbox 713 355 787 451; x_wconf 90' lang='lat' dir='ltr'>III,</span> <span class='ocrx_word' id='word_1_4' title='bbox 818 362 983 436; x_wconf 75' lang='lat'><strong>18-22</strong></span> <span class='ocrx_word' id='word_1_5' title='bbox 1074 359 1150 434; x_wconf 86' lang='lat'>505</span> 
     </span>
    </p>
   </div>
   <div class='ocr_carea' id='block_1_2' title="bbox 32 536 1150 746">
    <p class='ocr_par' dir='ltr' id='par_1_2' title="bbox 32 536 1150 746">
     <span class='ocr_line' id='line_1_2' title="bbox 34 536 891 641; baseline 0.001 -24"><span class='ocrx_word' id='word_1_6' title='bbox 34 545 136 641; x_wconf 87' lang='lat' dir='ltr'>lpse,</span> <span class='ocrx_word' id='word_1_7' title='bbox 165 553 282 640; x_wconf 87' lang='lat' dir='ltr'>caput</span> <span class='ocrx_word' id='word_1_8' title='bbox 296 553 435 616; x_wconf 82' lang='lat' dir='ltr'>tonsae</span> <span class='ocrx_word' id='word_1_9' title='bbox 449 536 554 614; x_wconf 89' lang='lat' dir='ltr'>foliis</span> <span class='ocrx_word' id='word_1_10' title='bbox 572 552 732 616; x_wconf 85' lang='lat' dir='ltr'>ornatus</span> <span class='ocrx_word' id='word_1_11' title='bbox 750 540 891 640; x_wconf 82' lang='lat' dir='ltr'>olivae,</span> 
     </span>
     <span class='ocr_line' id='line_1_3' title="bbox 32 641 1150 746; baseline 0 -26"><span class='ocrx_word' id='word_1_12' title='bbox 32 649 141 720; x_wconf 83' lang='lat' dir='ltr'>Dono</span> <span class='ocrx_word' id='word_1_13' title='bbox 163 641 301 722; x_wconf 84' lang='lat' dir='ltr'>seram.</span> <span class='ocrx_word' id='word_1_14' title='bbox 353 647 438 720; x_wconf 84' lang='lat' dir='ltr'>Iam</span> <span class='ocrx_word' id='word_1_15' title='bbox 459 667 568 719; x_wconf 90' lang='lat' dir='ltr'>nunc</span> <span class='ocrx_word' id='word_1_16' title='bbox 587 643 792 720; x_wconf 86' lang='lat' dir='ltr'>sollemnis</span> <span class='ocrx_word' id='word_1_17' title='bbox 818 643 964 721; x_wconf 88' lang='lat' dir='ltr'>ducere</span> <span class='ocrx_word' id='word_1_18' title='bbox 983 668 1150 746; x_wconf 85' lang='lat' dir='ltr'>pompas</span> 
     </span>
    </p>
   </div>
   <div class='ocr_carea' id='block_1_3' title="bbox 61 801 685 872">
    <p class='ocr_par' dir='ltr' id='par_1_3' title="bbox 61 801 685 872">
     <span class='ocr_line' id='line_1_4' title="bbox 61 801 685 872; baseline -0.002 -14"><span class='ocrx_word' id='word_1_19' title='bbox 61 805 96 858; x_wconf 81' lang='lat'>22</span> <span class='ocrx_word' id='word_1_20' title='bbox 113 803 249 856; x_wconf 76' lang='lat' dir='ltr'>deducere</span> <span class='ocrx_word' id='word_1_21' title='bbox 260 805 329 856; x_wconf 82' lang='lat' dir='ltr'>Ver.</span> <span class='ocrx_word' id='word_1_22' title='bbox 346 801 415 855; x_wconf 79' lang='lat' dir='ltr'>alter</span> <span class='ocrx_word' id='word_1_23' title='bbox 433 803 538 872; x_wconf 83' lang='lat' dir='ltr'>Mensg.</span> <span class='ocrx_word' id='word_1_24' title='bbox 563 804 604 856; x_wconf 83' lang='lat' dir='ltr'>ed</span> <span class='ocrx_word' id='word_1_25' title='bbox 617 807 685 856; x_wconf 87' lang='lat' dir='ltr'>lunt.</span> 
     </span>
    </p>
   </div>
   <div class='ocr_carea' id='block_1_4' title="bbox 21 941 1233 4528">
    <p class='ocr_par' dir='ltr' id='par_1_4' title="bbox 32 941 1153 1112">
     <span class='ocr_line' id='line_1_5' title="bbox 32 941 1152 1027; baseline 0.002 -23"><span class='ocrx_word' id='word_1_26' title='bbox 32 944 142 1004; x_wconf 87' lang='lat' dir='ltr'>Probus</span> <span class='ocrx_word' id='word_1_27' title='bbox 164 943 203 1003; x_wconf 86' lang='lat' dir='ltr'>sd</span> <span class='ocrx_word' id='word_1_28' title='bbox 219 941 251 1004; x_wconf 85' lang='lat' dir='ltr'>h.</span> <span class='ocrx_word' id='word_1_29' title='bbox 266 943 286 1003; x_wconf 84' lang='lat' dir='ltr'>L</span> <span class='ocrx_word' id='word_1_30' title='bbox 304 944 413 1004; x_wconf 73' lang='lat' dir='ltr'>curdus</span> <span class='ocrx_word' id='word_1_31' title='bbox 428 953 535 1022; x_wconf 84' lang='lat' dir='ltr'>cestus,</span> <span class='ocrx_word' id='word_1_32' title='bbox 554 963 571 1005; x_wconf 84' lang='lat' dir='ltr'>e</span> <span class='ocrx_word' id='word_1_33' title='bbox 612 947 752 1024; x_wconf 88' lang='lat' dir='ltr'>„Cernito</span> <span class='ocrx_word' id='word_1_34' title='bbox 777 947 923 1027; x_wconf 80' lang='lat' dir='ltr'>fulgentes</span> <span class='ocrx_word' id='word_1_35' title='bbox 941 955 979 1006; x_wconf 91' lang='lat' dir='ltr'>ut</span> <span class='ocrx_word' id='word_1_36' title='bbox 999 955 1047 1004; x_wconf 81' lang='lat' dir='ltr'>eat</span> <span class='ocrx_word' id='word_1_37' title='bbox 1068 965 1152 1006; x_wconf 86' lang='lat' dir='ltr'>socer</span> 
     </span>
     <span class='ocr_line' id='line_1_6' title="bbox 32 1029 1153 1112; baseline 0.001 -22"><span class='ocrx_word' id='word_1_38' title='bbox 32 1031 108 1090; x_wconf 88' lang='lat' dir='ltr'>corio</span> <span class='ocrx_word' id='word_1_39' title='bbox 123 1029 230 1088; x_wconf 85' lang='lat' dir='ltr'>crudo.</span> <span class='ocrx_word' id='word_1_40' title='bbox 613 1051 705 1112; x_wconf 79' lang='lat' dir='ltr'>agnus</span> <span class='ocrx_word' id='word_1_41' title='bbox 728 1033 767 1092; x_wconf 84' lang='lat' dir='ltr'>sd</span> <span class='ocrx_word' id='word_1_42' title='bbox 800 1053 866 1092; x_wconf 85' lang='lat' dir='ltr'>erus</span> <span class='ocrx_word' id='word_1_43' title='bbox 892 1033 1056 1110; x_wconf 88' lang='lat' dir='ltr'>Vinctaque</span> <span class='ocrx_word' id='word_1_44' title='bbox 1081 1041 1153 1112; x_wconf 86' lang='lat' dir='ltr'>post</span> 
     </span>
    </p>

    <p class='ocr_par' dir='ltr' id='par_1_5' title="bbox 21 1113 1233 4528">
     <span class='ocr_line' id='line_1_7' title="bbox 68 1113 1151 1194; baseline 0.004 -23"><span class='ocrx_word' id='word_1_45' title='bbox 68 1120 121 1178; x_wconf 87' lang='lat'>21.</span> <span class='ocrx_word' id='word_1_46' title='bbox 134 1119 187 1178; x_wconf 88' lang='lat'>22.</span> <span class='ocrx_word' id='word_1_47' title='bbox 210 1115 281 1188; x_wconf 80' lang='lat' dir='ltr'>lam,</span> <span class='ocrx_word' id='word_1_48' title='bbox 302 1113 385 1192; x_wconf 88' lang='lat' dir='ltr'>quod</span> <span class='ocrx_word' id='word_1_49' title='bbox 402 1113 442 1173; x_wconf 79' lang='lat' dir='ltr'>ed</span> <span class='ocrx_word' id='word_1_50' title='bbox 455 1133 486 1173; x_wconf 89' lang='lat' dir='ltr'>se</span> <span class='ocrx_word' id='word_1_51' title='bbox 500 1134 571 1194; x_wconf 90' lang='lat' dir='ltr'>per</span> <span class='ocrx_word' id='word_1_52' title='bbox 614 1119 679 1178; x_wconf 86' lang='lat' dir='ltr'>oleo</span> <span class='ocrx_word' id='word_1_53' title='bbox 696 1118 1067 1178; x_wconf 67' lang='lat' dir='ltr'>madidanobacomasr‘</span> <span class='ocrx_word' id='word_1_54' title='bbox 1089 1117 1151 1177; x_wconf 81' lang='lat' dir='ltr'>Vo-</span> 
     </span>
     <span class='ocr_line' id='line_1_8' title="bbox 32 1197 1153 1281; baseline 0.007 -21"><span class='ocrx_word' id='word_1_55' title='bbox 32 1203 139 1278; x_wconf 84' lang='lat' dir='ltr'>tineat,</span> <span class='ocrx_word' id='word_1_56' title='bbox 162 1220 193 1258; x_wconf 88' lang='lat' dir='ltr'>se</span> <span class='ocrx_word' id='word_1_57' title='bbox 199 1199 283 1278; x_wconf 83' lang='lat' dir='ltr'>serre</span> <span class='ocrx_word' id='word_1_58' title='bbox 300 1197 377 1258; x_wconf 87' lang='lat' dir='ltr'>velle</span> <span class='ocrx_word' id='word_1_59' title='bbox 390 1201 480 1275; x_wconf 83' lang='lat' dir='ltr'>dona,</span> <span class='ocrx_word' id='word_1_60' title='bbox 492 1199 523 1260; x_wconf 92' lang='grc' dir='ltr'>1Ι.</span> <span class='ocrx_word' id='word_1_61' title='bbox 540 1219 571 1260; x_wconf 88' lang='lat' dir='ltr'>se</span> <span class='ocrx_word' id='word_1_62' title='bbox 611 1201 1153 1281; x_wconf 77' lang='lat' dir='ltr'>ler.Flacc.111,424:„Tempora</span> 
     </span>
     <span class='ocr_line' id='line_1_9' title="bbox 31 1282 1151 1370; baseline 0.003 -25"><span class='ocrx_word' id='word_1_63' title='bbox 31 1285 172 1346; x_wconf 81' lang='lat' dir='ltr'>sacrificia</span> <span class='ocrx_word' id='word_1_64' title='bbox 202 1285 240 1343; x_wconf 86' lang='lat' dir='ltr'>sd</span> <span class='ocrx_word' id='word_1_65' title='bbox 275 1285 421 1366; x_wconf 85' lang='lat' dir='ltr'>templum</span> <span class='ocrx_word' id='word_1_66' title='bbox 451 1282 571 1367; x_wconf 83' lang='lat' dir='ltr'>(paullo</span> <span class='ocrx_word' id='word_1_67' title='bbox 612 1298 680 1349; x_wconf 91' lang='lat' dir='ltr'>tum</span> <span class='ocrx_word' id='word_1_68' title='bbox 707 1290 793 1350; x_wconf 82' lang='lat' dir='ltr'>vittis</span> <span class='ocrx_word' id='word_1_69' title='bbox 824 1298 855 1348; x_wconf 91' lang='lat' dir='ltr'>et</span> <span class='ocrx_word' id='word_1_70' title='bbox 885 1287 1016 1370; x_wconf 79' lang='lat' dir='ltr'>supplice</span> <span class='ocrx_word' id='word_1_71' title='bbox 1052 1297 1151 1348; x_wconf 82' lang='lat' dir='ltr'>castus</span> 
     </span>
     <span class='ocr_line' id='line_1_10' title="bbox 31 1369 1152 1455; baseline 0.003 -24"><span class='ocrx_word' id='word_1_72' title='bbox 31 1383 110 1452; x_wconf 88' lang='lat' dir='ltr'>post,</span> <span class='ocrx_word' id='word_1_73' title='bbox 140 1371 187 1428; x_wconf 84' lang='lat' dir='ltr'>ad</span> <span class='ocrx_word' id='word_1_74' title='bbox 214 1369 364 1452; x_wconf 81' lang='lat' dir='ltr'>delubra),</span> <span class='ocrx_word' id='word_1_75' title='bbox 394 1389 455 1428; x_wconf 86' lang='lat' dir='ltr'>esse</span> <span class='ocrx_word' id='word_1_76' title='bbox 471 1373 572 1432; x_wconf 83' lang='lat' dir='ltr'>sactu·</span> <span class='ocrx_word' id='word_1_77' title='bbox 615 1375 694 1434; x_wconf 79' lang='lat' dir='ltr'>olive</span> <span class='ocrx_word' id='word_1_78' title='bbox 723 1375 895 1455; x_wconf 57' lang='lat' dir='ltr'>Implicotss</span> <span class='ocrx_word' id='word_1_79' title='bbox 925 1383 956 1433; x_wconf 89' lang='lat' dir='ltr'>et</span> <span class='ocrx_word' id='word_1_80' title='bbox 982 1373 1152 1434; x_wconf 77' lang='lat' dir='ltr'>secerdotes</span> 
     </span>
     <span class='ocr_line' id='line_1_11' title="bbox 31 1455 1151 1536; baseline 0.002 -20"><span class='ocrx_word' id='word_1_81' title='bbox 31 1479 95 1516; x_wconf 87' lang='lat' dir='ltr'>rum</span> <span class='ocrx_word' id='word_1_82' title='bbox 118 1456 209 1529; x_wconf 90' lang='lat' dir='ltr'>dicit,</span> <span class='ocrx_word' id='word_1_83' title='bbox 241 1455 336 1536; x_wconf 83' lang='lat' dir='ltr'>capite</span> <span class='ocrx_word' id='word_1_84' title='bbox 357 1475 468 1515; x_wconf 81' lang='lat' dir='ltr'>corone</span> <span class='ocrx_word' id='word_1_85' title='bbox 490 1458 572 1516; x_wconf 84' lang='lat' dir='ltr'>oleo·</span> <span class='ocrx_word' id='word_1_86' title='bbox 612 1460 686 1520; x_wconf 79' lang='lat' dir='ltr'>Aen.</span> <span class='ocrx_word' id='word_1_87' title='bbox 710 1461 783 1536; x_wconf 93' lang='lat' dir='ltr'>Vll,</span> <span class='ocrx_word' id='word_1_88' title='bbox 803 1463 890 1524; x_wconf 88' lang='grc'><strong>417.·</strong></span> <span class='ocrx_word' id='word_1_89' title='bbox 918 1459 1046 1536; x_wconf 86' lang='lat' dir='ltr'>„induit</span> <span class='ocrx_word' id='word_1_90' title='bbox 1069 1459 1151 1518; x_wconf 81' lang='lat' dir='ltr'>albos</span> 
     </span>
     <span class='ocr_line' id='line_1_12' title="bbox 30 1541 1152 1621; baseline 0.001 -20"><span class='ocrx_word' id='word_1_91' title='bbox 30 1545 93 1621; x_wconf 75' lang='lat' dir='ltr'>gina</span> <span class='ocrx_word' id='word_1_92' title='bbox 130 1541 280 1600; x_wconf 87' lang='lat' dir='ltr'>redimito.</span> <span class='ocrx_word' id='word_1_93' title='bbox 314 1553 432 1600; x_wconf 80' lang='lat' dir='ltr'>tonsam</span> <span class='ocrx_word' id='word_1_94' title='bbox 458 1543 572 1602; x_wconf 79' lang='lat' dir='ltr'>olivam</span> <span class='ocrx_word' id='word_1_95' title='bbox 614 1547 690 1605; x_wconf 89' lang='lat' dir='ltr'>Cum</span> <span class='ocrx_word' id='word_1_96' title='bbox 709 1547 788 1606; x_wconf 85' lang='lat' dir='ltr'>vitta</span> <span class='ocrx_word' id='word_1_97' title='bbox 808 1565 918 1620; x_wconf 77' lang='lat' dir='ltr'>mnes,</span> <span class='ocrx_word' id='word_1_98' title='bbox 948 1553 1015 1604; x_wconf 88' lang='lat' dir='ltr'>tum</span> <span class='ocrx_word' id='word_1_99' title='bbox 1034 1563 1152 1602; x_wconf 83' lang='lat' dir='ltr'>romum</span> 
     </span>
     <span class='ocr_line' id='line_1_13' title="bbox 31 1625 1152 1710; baseline -0.004 -17"><span class='ocrx_word' id='word_1_100' title='bbox 31 1628 176 1710; x_wconf 68' lang='lat' dir='ltr'>eppellat‚</span> <span class='ocrx_word' id='word_1_101' title='bbox 206 1645 282 1704; x_wconf 61' lang='lat' dir='ltr'>quae</span> <span class='ocrx_word' id='word_1_102' title='bbox 304 1635 335 1684; x_wconf 70' lang='lat' dir='ltr'>et</span> <span class='ocrx_word' id='word_1_103' title='bbox 356 1625 430 1687; x_wconf 65' lang='lat' dir='ltr'>Aen·</span> <span class='ocrx_word' id='word_1_104' title='bbox 450 1627 486 1703; x_wconf 87' lang='lat' dir='ltr'>V,</span> <span class='ocrx_word' id='word_1_105' title='bbox 507 1625 571 1693; x_wconf 81' lang='lat'>774</span> <span class='ocrx_word' id='word_1_106' title='bbox 612 1632 739 1692; x_wconf 86' lang='lat' dir='ltr'>innectit</span> <span class='ocrx_word' id='word_1_107' title='bbox 758 1631 867 1690; x_wconf 77' lang='lat' dir='ltr'>olivae:</span> <span class='ocrx_word' id='word_1_108' title='bbox 900 1629 949 1688; x_wconf 85' lang='lat' dir='ltr'>Fit</span> <span class='ocrx_word' id='word_1_109' title='bbox 969 1629 1078 1708; x_wconf 79' lang='lat' dir='ltr'>Calybe</span> <span class='ocrx_word' id='word_1_110' title='bbox 1098 1627 1152 1688; x_wconf 90' lang='lat' dir='ltr'>Iu-</span> 
     </span>
     <span class='ocr_line' id='line_1_14' title="bbox 31 1714 1151 1795; baseline 0 -23"><span class='ocrx_word' id='word_1_111' title='bbox 31 1725 58 1773; x_wconf 88' lang='lat' dir='ltr'>et</span> <span class='ocrx_word' id='word_1_112' title='bbox 82 1715 149 1778; x_wconf 84' lang='lat'>556</span> <span class='ocrx_word' id='word_1_113' title='bbox 179 1723 265 1770; x_wconf 81' lang='lat' dir='ltr'>tonsa</span> <span class='ocrx_word' id='word_1_114' title='bbox 292 1733 401 1770; x_wconf 82' lang='lat' dir='ltr'>corona</span> <span class='ocrx_word' id='word_1_115' title='bbox 429 1714 570 1789; x_wconf 86' lang='lat' dir='ltr'>occurrit,</span> <span class='ocrx_word' id='word_1_116' title='bbox 611 1717 699 1776; x_wconf 89' lang='lat' dir='ltr'>nonis</span> <span class='ocrx_word' id='word_1_117' title='bbox 712 1737 786 1776; x_wconf 84' lang='lat' dir='ltr'>anus</span> <span class='ocrx_word' id='word_1_118' title='bbox 801 1715 960 1795; x_wconf 81' lang='lat' dir='ltr'><strong>templique</strong></span> <span class='ocrx_word' id='word_1_119' title='bbox 980 1715 1151 1774; x_wconf 84' lang='lat' dir='ltr'>sacerdos.“</span> 
     </span>
     <span class='ocr_line' id='line_1_15' title="bbox 31 1797 1152 1880; baseline 0.001 -22"><span class='ocrx_word' id='word_1_120' title='bbox 31 1810 181 1859; x_wconf 77' lang='lat' dir='ltr'>sucosam</span> <span class='ocrx_word' id='word_1_121' title='bbox 196 1797 285 1876; x_wconf 80' lang='lat' dir='ltr'>vulgo</span> <span class='ocrx_word' id='word_1_122' title='bbox 303 1815 364 1860; x_wconf 76' lang='lat' dir='ltr'>esse</span> <span class='ocrx_word' id='word_1_123' title='bbox 379 1798 495 1876; x_wconf 84' lang='lat' dir='ltr'>volunt,</span> <span class='ocrx_word' id='word_1_124' title='bbox 518 1819 570 1858; x_wconf 89' lang='lat' dir='ltr'>or·</span> <span class='ocrx_word' id='word_1_125' title='bbox 612 1803 662 1876; x_wconf 89' lang='lat' dir='ltr'>VI,</span> <span class='ocrx_word' id='word_1_126' title='bbox 676 1805 747 1868; x_wconf 87' lang='lat'><strong>809.</strong></span> <span class='ocrx_word' id='word_1_127' title='bbox 757 1802 794 1861; x_wconf 90' lang='lat' dir='ltr'>de</span> <span class='ocrx_word' id='word_1_128' title='bbox 805 1802 915 1860; x_wconf 78' lang='lat' dir='ltr'>Numa:</span> <span class='ocrx_word' id='word_1_129' title='bbox 937 1801 1033 1876; x_wconf 86' lang='lat' dir='ltr'>„Quis</span> <span class='ocrx_word' id='word_1_130' title='bbox 1045 1800 1152 1880; x_wconf 88' lang='lat' dir='ltr'>procul</span> 
     </span>
     <span class='ocr_line' id='line_1_16' title="bbox 30 1883 1152 1965; baseline 0.002 -21"><span class='ocrx_word' id='word_1_131' title='bbox 30 1895 117 1944; x_wconf 78' lang='lat' dir='ltr'>natus</span> <span class='ocrx_word' id='word_1_132' title='bbox 132 1903 252 1958; x_wconf 80' lang='lat' dir='ltr'>causss3</span> <span class='ocrx_word' id='word_1_133' title='bbox 274 1883 374 1941; x_wconf 74' lang='lat' dir='ltr'>malim</span> <span class='ocrx_word' id='word_1_134' title='bbox 387 1883 484 1942; x_wconf 80' lang='lat' dir='ltr'>dicere</span> <span class='ocrx_word' id='word_1_135' title='bbox 499 1885 572 1944; x_wconf 87' lang='lat' dir='ltr'>sim·</span> <span class='ocrx_word' id='word_1_136' title='bbox 612 1887 663 1947; x_wconf 86' lang='lat' dir='ltr'>ille</span> <span class='ocrx_word' id='word_1_137' title='bbox 684 1897 785 1948; x_wconf 77' lang='lat' dir='ltr'>sutem</span> <span class='ocrx_word' id='word_1_138' title='bbox 802 1887 893 1948; x_wconf 82' lang='lat' dir='ltr'>remis</span> <span class='ocrx_word' id='word_1_139' title='bbox 912 1886 1033 1965; x_wconf 85' lang='lat' dir='ltr'>insignis</span> <span class='ocrx_word' id='word_1_140' title='bbox 1054 1886 1152 1946; x_wconf 76' lang='lat' dir='ltr'>olivas</span> 
     </span>
     <span class='ocr_line' id='line_1_17' title="bbox 29 1967 1151 2050; baseline 0.002 -22"><span class='ocrx_word' id='word_1_141' title='bbox 29 1971 171 2050; x_wconf 78' lang='lat' dir='ltr'>pliciter,</span> <span class='ocrx_word' id='word_1_142' title='bbox 204 1967 274 2046; x_wconf 84' lang='lat' dir='ltr'>quia</span> <span class='ocrx_word' id='word_1_143' title='bbox 308 1967 467 2047; x_wconf 74' lang='lat' dir='ltr'>decerptae</span> <span class='ocrx_word' id='word_1_144' title='bbox 499 1978 572 2028; x_wconf 92' lang='lat' dir='ltr'>sunt</span> <span class='ocrx_word' id='word_1_145' title='bbox 613 1975 704 2032; x_wconf 78' lang='lat' dir='ltr'>Socra</span> <span class='ocrx_word' id='word_1_146' title='bbox 715 1973 842 2036; x_wconf 86' lang='lat' dir='ltr'>lerens.“</span> <span class='ocrx_word' id='word_1_147' title='bbox 862 1971 915 2032; x_wconf 90' lang='lat' dir='ltr'>ubi</span> <span class='ocrx_word' id='word_1_148' title='bbox 926 1972 988 2031; x_wconf 89' lang='lat' dir='ltr'>vid.</span> <span class='ocrx_word' id='word_1_149' title='bbox 998 1974 1080 2031; x_wconf 88' lang='lat' dir='ltr'>Serv.</span> <span class='ocrx_word' id='word_1_150' title='bbox 1090 1971 1151 2048; x_wconf 85' lang='lat' dir='ltr'>Vll,</span> 
     </span>
     <span class='ocr_line' id='line_1_18' title="bbox 30 2053 1152 2134; baseline 0.002 -19"><span class='ocrx_word' id='word_1_151' title='bbox 30 2055 150 2115; x_wconf 80' lang='lat' dir='ltr'>frondes</span> <span class='ocrx_word' id='word_1_152' title='bbox 164 2073 204 2111; x_wconf 83' lang='lat' dir='ltr'>ex</span> <span class='ocrx_word' id='word_1_153' title='bbox 218 2053 334 2113; x_wconf 83' lang='lat' dir='ltr'>arbore.</span> <span class='ocrx_word' id='word_1_154' title='bbox 376 2055 478 2132; x_wconf 88' lang='lat' dir='ltr'>Neque</span> <span class='ocrx_word' id='word_1_155' title='bbox 489 2053 572 2115; x_wconf 82' lang='lat' dir='ltr'>eliud</span> <span class='ocrx_word' id='word_1_156' title='bbox 614 2061 700 2124; x_wconf 81' lang='lat'><strong>750.:</strong></span> <span class='ocrx_word' id='word_1_157' title='bbox 729 2059 831 2134; x_wconf 85' lang='lat' dir='ltr'>„Quin</span> <span class='ocrx_word' id='word_1_158' title='bbox 849 2065 881 2115; x_wconf 89' lang='lat' dir='ltr'>et</span> <span class='ocrx_word' id='word_1_159' title='bbox 899 2057 1052 2116; x_wconf 80' lang='lat' dir='ltr'>Marrubis</span> <span class='ocrx_word' id='word_1_160' title='bbox 1067 2057 1152 2117; x_wconf 84' lang='lat' dir='ltr'>venit</span> 
     </span>
     <span class='ocr_line' id='line_1_19' title="bbox 29 2139 1233 2223; baseline 0 -20"><span class='ocrx_word' id='word_1_161' title='bbox 29 2152 70 2200; x_wconf 86' lang='lat' dir='ltr'>est</span> <span class='ocrx_word' id='word_1_162' title='bbox 80 2139 285 2200; x_wconf 73' lang='lat' dir='ltr'>Horatianum</span> <span class='ocrx_word' id='word_1_163' title='bbox 298 2139 389 2198; x_wconf 83' lang='lat' dir='ltr'>illud:</span> <span class='ocrx_word' id='word_1_164' title='bbox 399 2140 573 2220; x_wconf 55' lang='lat' dir='ltr'>,decerptam</span> <span class='ocrx_word' id='word_1_165' title='bbox 615 2143 652 2203; x_wconf 86' lang='lat' dir='ltr'>de</span> <span class='ocrx_word' id='word_1_166' title='bbox 665 2155 752 2223; x_wconf 91' lang='lat' dir='ltr'>gente</span> <span class='ocrx_word' id='word_1_167' title='bbox 762 2143 910 2219; x_wconf 78' lang='lat' dir='ltr'>sacerdos,</span> <span class='ocrx_word' id='word_1_168' title='bbox 926 2143 1047 2202; x_wconf 86' lang='lat' dir='ltr'>Fronde</span> <span class='ocrx_word' id='word_1_169' title='bbox 1061 2163 1152 2222; x_wconf 91' lang='lat' dir='ltr'>super</span> <span class='ocrx_word' id='word_1_170' title='bbox 1229 2169 1233 2176; x_wconf 91' lang='lat'>·</span> 
     </span>
     <span class='ocr_line' id='line_1_20' title="bbox 21 2225 1151 2308; baseline 0.001 -22"><span class='ocrx_word' id='word_1_171' title='bbox 21 2229 120 2306; x_wconf 80' lang='lat' dir='ltr'>fronti</span> <span class='ocrx_word' id='word_1_172' title='bbox 138 2245 326 2304; x_wconf 83' lang='lat' dir='ltr'>praeponere</span> <span class='ocrx_word' id='word_1_173' title='bbox 350 2227 474 2286; x_wconf 81' lang='lat' dir='ltr'>olivam.</span> <span class='ocrx_word' id='word_1_174' title='bbox 524 2225 572 2286; x_wconf 82' lang='lat' dir='ltr'>Ex</span> <span class='ocrx_word' id='word_1_175' title='bbox 613 2229 728 2308; x_wconf 86' lang='lat' dir='ltr'>gslesm</span> <span class='ocrx_word' id='word_1_176' title='bbox 749 2239 780 2290; x_wconf 89' lang='lat' dir='ltr'>et</span> <span class='ocrx_word' id='word_1_177' title='bbox 800 2230 879 2289; x_wconf 81' lang='lat' dir='ltr'>felici</span> <span class='ocrx_word' id='word_1_178' title='bbox 897 2237 1014 2288; x_wconf 89' lang='lat' dir='ltr'>comtus</span> <span class='ocrx_word' id='word_1_179' title='bbox 1034 2229 1122 2289; x_wconf 83' lang='lat' dir='ltr'>oliva.</span> <span class='ocrx_word' id='word_1_180' title='bbox 1132 2232 1151 2263; x_wconf 87' lang='lat'><strong>“</strong></span> 
     </span>
     <span class='ocr_line' id='line_1_21' title="bbox 29 2311 1152 2390; baseline 0.005 -19"><span class='ocrx_word' id='word_1_181' title='bbox 29 2313 128 2372; x_wconf 84' lang='lat' dir='ltr'>edicto</span> <span class='ocrx_word' id='word_1_182' title='bbox 143 2319 244 2370; x_wconf 81' lang='lat' dir='ltr'>tamen</span> <span class='ocrx_word' id='word_1_183' title='bbox 259 2319 312 2370; x_wconf 80' lang='lat' dir='ltr'>eut</span> <span class='ocrx_word' id='word_1_184' title='bbox 326 2311 500 2371; x_wconf 84' lang='lat' dir='ltr'>sublerulre</span> <span class='ocrx_word' id='word_1_185' title='bbox 512 2311 571 2370; x_wconf 90' lang='lat' dir='ltr'>mi-</span> <span class='ocrx_word' id='word_1_186' title='bbox 614 2317 689 2376; x_wconf 84' lang='lat' dir='ltr'>Ciris</span> <span class='ocrx_word' id='word_1_187' title='bbox 700 2335 744 2376; x_wconf 81' lang='lat' dir='ltr'>vs.</span> <span class='ocrx_word' id='word_1_188' title='bbox 761 2314 841 2380; x_wconf 77' lang='lat'><strong>147.:</strong></span> <span class='ocrx_word' id='word_1_189' title='bbox 863 2313 1021 2390; x_wconf 83' lang='lat' dir='ltr'>„sacerdos</span> <span class='ocrx_word' id='word_1_190' title='bbox 1033 2315 1152 2376; x_wconf 82' lang='lat' dir='ltr'>Pellen-</span> 
     </span>
     <span class='ocr_line' id='line_1_22' title="bbox 29 2395 1153 2480; baseline 0 -22"><span class='ocrx_word' id='word_1_191' title='bbox 29 2401 72 2458; x_wconf 87' lang='lat' dir='ltr'>nis</span> <span class='ocrx_word' id='word_1_192' title='bbox 111 2396 231 2456; x_wconf 83' lang='lat' dir='ltr'>edicere</span> <span class='ocrx_word' id='word_1_193' title='bbox 275 2395 435 2476; x_wconf 76' lang='lat' dir='ltr'>quicquam</span> <span class='ocrx_word' id='word_1_194' title='bbox 468 2397 571 2474; x_wconf 74' lang='lat' dir='ltr'>polim.</span> <span class='ocrx_word' id='word_1_195' title='bbox 612 2401 652 2460; x_wconf 92' lang='lat' dir='ltr'>tis</span> <span class='ocrx_word' id='word_1_196' title='bbox 666 2401 743 2460; x_wconf 86' lang='lat' dir='ltr'>loliis</span> <span class='ocrx_word' id='word_1_197' title='bbox 753 2409 844 2480; x_wconf 83' lang='lat' dir='ltr'>caput</span> <span class='ocrx_word' id='word_1_198' title='bbox 857 2408 1019 2458; x_wconf 81' lang='lat' dir='ltr'>exornarat</span> <span class='ocrx_word' id='word_1_199' title='bbox 1027 2400 1132 2460; x_wconf 81' lang='lat' dir='ltr'>olivae</span> <span class='ocrx_word' id='word_1_200' title='bbox 1134 2401 1153 2434; x_wconf 92' lang='lat'><strong>“</strong></span> 
     </span>
     <span class='ocr_line' id='line_1_23' title="bbox 29 2481 1152 2565; baseline 0.001 -22"><span class='ocrx_word' id='word_1_201' title='bbox 29 2483 163 2565; x_wconf 79' lang='lat' dir='ltr'>(Duplex</span> <span class='ocrx_word' id='word_1_202' title='bbox 183 2491 229 2540; x_wconf 82' lang='lat' dir='ltr'>est</span> <span class='ocrx_word' id='word_1_203' title='bbox 248 2481 330 2561; x_wconf 80' lang='lat' dir='ltr'>apud</span> <span class='ocrx_word' id='word_1_204' title='bbox 351 2482 504 2562; x_wconf 84' lang='lat' dir='ltr'>Virgilium</span> <span class='ocrx_word' id='word_1_205' title='bbox 519 2503 572 2542; x_wconf 88' lang='lat' dir='ltr'>co-</span> <span class='ocrx_word' id='word_1_206' title='bbox 612 2487 676 2546; x_wconf 84' lang='lat' dir='ltr'>lam</span> <span class='ocrx_word' id='word_1_207' title='bbox 697 2493 836 2565; x_wconf 81' lang='lat' dir='ltr'>apparet,</span> <span class='ocrx_word' id='word_1_208' title='bbox 873 2485 1035 2564; x_wconf 73' lang='lat' dir='ltr'>oleaginum</span> <span class='ocrx_word' id='word_1_209' title='bbox 1064 2502 1152 2544; x_wconf 89' lang='lat' dir='ltr'>coro-</span> 
     </span>
     <span class='ocr_line' id='line_1_24' title="bbox 28 2567 1152 2646; baseline -0.001 -17"><span class='ocrx_word' id='word_1_210' title='bbox 28 2589 175 2629; x_wconf 81' lang='lat' dir='ltr'>ronarum</span> <span class='ocrx_word' id='word_1_211' title='bbox 203 2567 403 2646; x_wconf 76' lang='lat' dir='ltr'>oleaginarum</span> <span class='ocrx_word' id='word_1_212' title='bbox 423 2589 509 2628; x_wconf 85' lang='lat' dir='ltr'>usus:</span> <span class='ocrx_word' id='word_1_213' title='bbox 539 2567 572 2626; x_wconf 92' lang='lat' dir='ltr'>in</span> <span class='ocrx_word' id='word_1_214' title='bbox 615 2589 685 2630; x_wconf 84' lang='lat' dir='ltr'>nrm</span> <span class='ocrx_word' id='word_1_215' title='bbox 697 2570 753 2630; x_wconf 83' lang='lat' dir='ltr'>ssbr</span> <span class='ocrx_word' id='word_1_216' title='bbox 770 2579 807 2630; x_wconf 93' lang='lat' dir='ltr'>ut</span> <span class='ocrx_word' id='word_1_217' title='bbox 818 2569 1023 2628; x_wconf 75' lang='lat' dir='ltr'>ssmrficaturo</span> <span class='ocrx_word' id='word_1_218' title='bbox 1036 2587 1152 2629; x_wconf 86' lang='lat' dir='ltr'>sumere</span> 
     </span>
     <span class='ocr_line' id='line_1_25' title="bbox 29 2653 1153 2736; baseline 0.001 -23"><span class='ocrx_word' id='word_1_219' title='bbox 29 2653 227 2714; x_wconf 77' lang='lat' dir='ltr'>certaminum</span> <span class='ocrx_word' id='word_1_220' title='bbox 243 2653 408 2714; x_wconf 81' lang='lat' dir='ltr'>victoribus</span> <span class='ocrx_word' id='word_1_221' title='bbox 421 2653 573 2730; x_wconf 83' lang='lat' dir='ltr'>ornandis,</span> <span class='ocrx_word' id='word_1_222' title='bbox 613 2655 778 2736; x_wconf 88' lang='lat' dir='ltr'>Virgilium.</span> <span class='ocrx_word' id='word_1_223' title='bbox 799 2653 1066 2734; x_wconf 79' lang='lat' dir='ltr'>Argutsturigitur</span> <span class='ocrx_word' id='word_1_224' title='bbox 1075 2655 1153 2714; x_wconf 89' lang='lat' dir='ltr'>Vos-</span> 
     </span>
     <span class='ocr_line' id='line_1_26' title="bbox 29 2737 1165 2820; baseline -0.003 -20"><span class='ocrx_word' id='word_1_225' title='bbox 29 2742 102 2800; x_wconf 86' lang='lat' dir='ltr'>rtin</span> <span class='ocrx_word' id='word_1_226' title='bbox 118 2737 372 2800; x_wconf 77' lang='lat' dir='ltr'>sacrissaciendis.</span> <span class='ocrx_word' id='word_1_227' title='bbox 393 2739 480 2799; x_wconf 83' lang='lat' dir='ltr'>Felix</span> <span class='ocrx_word' id='word_1_228' title='bbox 494 2739 573 2798; x_wconf 88' lang='lat' dir='ltr'>enim</span> <span class='ocrx_word' id='word_1_229' title='bbox 614 2742 683 2818; x_wconf 85' lang='lat' dir='ltr'>sius,</span> <span class='ocrx_word' id='word_1_230' title='bbox 705 2747 798 2820; x_wconf 89' lang='lat' dir='ltr'>quum</span> <span class='ocrx_word' id='word_1_231' title='bbox 808 2739 924 2798; x_wconf 75' lang='lat' dir='ltr'>scribit</span> <span class='ocrx_word' id='word_1_232' title='bbox 943 2739 1070 2817; x_wconf 75' lang='lat' dir='ltr'>Augusti</span> <span class='ocrx_word' id='word_1_233' title='bbox 1083 2759 1153 2818; x_wconf 80' lang='lat' dir='ltr'>gr-ss</span> <span class='ocrx_word' id='word_1_234' title='bbox 1159 2781 1165 2790; x_wconf 83' lang='grc'><strong>.</strong></span> 
     </span>
     <span class='ocr_line' id='line_1_27' title="bbox 28 2823 1153 2907; baseline -0.001 -23"><span class='ocrx_word' id='word_1_235' title='bbox 28 2827 57 2884; x_wconf 92' lang='lat' dir='ltr'>in</span> <span class='ocrx_word' id='word_1_236' title='bbox 77 2825 186 2905; x_wconf 90' lang='lat' dir='ltr'>primis</span> <span class='ocrx_word' id='word_1_237' title='bbox 203 2823 372 2884; x_wconf 84' lang='lat' dir='ltr'>hebebatur</span> <span class='ocrx_word' id='word_1_238' title='bbox 390 2824 464 2885; x_wconf 79' lang='lat' dir='ltr'>haec</span> <span class='ocrx_word' id='word_1_239' title='bbox 482 2824 573 2884; x_wconf 78' lang='lat' dir='ltr'>orbor</span> <span class='ocrx_word' id='word_1_240' title='bbox 614 2827 657 2887; x_wconf 85' lang='lat' dir='ltr'>tie</span> <span class='ocrx_word' id='word_1_241' title='bbox 684 2835 803 2907; x_wconf 75' lang='lat' dir='ltr'>poetam</span> <span class='ocrx_word' id='word_1_242' title='bbox 830 2845 942 2884; x_wconf 85' lang='lat' dir='ltr'>corone</span> <span class='ocrx_word' id='word_1_243' title='bbox 969 2823 1100 2904; x_wconf 80' lang='lat' dir='ltr'>oleagino</span> <span class='ocrx_word' id='word_1_244' title='bbox 1121 2844 1153 2883; x_wconf 90' lang='lat' dir='ltr'>se</span> 
     </span>
     <span class='ocr_line' id='line_1_28' title="bbox 28 2909 1154 2992; baseline 0 -22"><span class='ocrx_word' id='word_1_245' title='bbox 28 2921 56 2970; x_wconf 87' lang='lat' dir='ltr'>et</span> <span class='ocrx_word' id='word_1_246' title='bbox 69 2911 221 2992; x_wconf 63' lang='lat' dir='ltr'>pacifero:</span> <span class='ocrx_word' id='word_1_247' title='bbox 243 2909 316 2970; x_wconf 80' lang='lat' dir='ltr'>Aen.</span> <span class='ocrx_word' id='word_1_248' title='bbox 332 2911 480 2986; x_wconf 81' lang='lat' dir='ltr'><strong>v1‚280.:</strong></span> <span class='ocrx_word' id='word_1_249' title='bbox 501 2931 573 2986; x_wconf 83' lang='lat' dir='ltr'>„ra-</span> <span class='ocrx_word' id='word_1_250' title='bbox 614 2913 690 2974; x_wconf 84' lang='lat' dir='ltr'>velle</span> <span class='ocrx_word' id='word_1_251' title='bbox 702 2911 851 2987; x_wconf 83' lang='lat' dir='ltr'>redimire,</span> <span class='ocrx_word' id='word_1_252' title='bbox 873 2909 956 2989; x_wconf 91' lang='lat' dir='ltr'>quod</span> <span class='ocrx_word' id='word_1_253' title='bbox 964 2909 1028 2969; x_wconf 83' lang='lat' dir='ltr'>oles</span> <span class='ocrx_word' id='word_1_254' title='bbox 1037 2910 1154 2988; x_wconf 82' lang='lat' dir='ltr'>signum</span> 
     </span>
     <span class='ocr_line' id='line_1_29' title="bbox 26 2995 1153 3079; baseline -0.005 -19"><span class='ocrx_word' id='word_1_255' title='bbox 26 3017 94 3056; x_wconf 78' lang='lat' dir='ltr'>mus</span> <span class='ocrx_word' id='word_1_256' title='bbox 109 2995 244 3055; x_wconf 71' lang='lat' dir='ltr'>felicis</span> <span class='ocrx_word' id='word_1_257' title='bbox 267 2996 391 3056; x_wconf 73' lang='lat' dir='ltr'>olivae·“</span> <span class='ocrx_word' id='word_1_258' title='bbox 412 2997 573 3072; x_wconf 83' lang='lat' dir='ltr'>V11,760.:</span> <span class='ocrx_word' id='word_1_259' title='bbox 616 2999 655 3058; x_wconf 86' lang='lat' dir='ltr'>sit</span> <span class='ocrx_word' id='word_1_260' title='bbox 667 2998 748 3079; x_wconf 80' lang='lat' dir='ltr'>pacis</span> <span class='ocrx_word' id='word_1_261' title='bbox 762 3007 793 3057; x_wconf 91' lang='lat' dir='ltr'>et</span> <span class='ocrx_word' id='word_1_262' title='bbox 813 2997 983 3057; x_wconf 74' lang='lat' dir='ltr'>fertilitatis.</span> <span class='ocrx_word' id='word_1_263' title='bbox 1026 2997 1153 3056; x_wconf 84' lang='lat' dir='ltr'>Tonso</span> 
     </span>
     <span class='ocr_line' id='line_1_30' title="bbox 27 3081 1153 3158; baseline 0.001 -18"><span class='ocrx_word' id='word_1_264' title='bbox 27 3085 62 3158; x_wconf 85' lang='lat' dir='ltr'>„l</span> <span class='ocrx_word' id='word_1_265' title='bbox 67 3081 162 3141; x_wconf 90' lang='lat' dir='ltr'>elici</span> <span class='ocrx_word' id='word_1_266' title='bbox 191 3091 305 3142; x_wconf 86' lang='lat' dir='ltr'>comtus</span> <span class='ocrx_word' id='word_1_267' title='bbox 327 3081 441 3141; x_wconf 89' lang='lat' dir='ltr'>olive.“</span> <span class='ocrx_word' id='word_1_268' title='bbox 469 3081 522 3141; x_wconf 86' lang='lat' dir='ltr'>Ge.</span> <span class='ocrx_word' id='word_1_269' title='bbox 536 3081 573 3158; x_wconf 90' lang='lat' dir='ltr'>ll,</span> <span class='ocrx_word' id='word_1_270' title='bbox 615 3093 717 3146; x_wconf 85' lang='lat' dir='ltr'>sutem</span> <span class='ocrx_word' id='word_1_271' title='bbox 735 3083 846 3144; x_wconf 81' lang='lat' dir='ltr'>oliva</span> <span class='ocrx_word' id='word_1_272' title='bbox 869 3103 933 3142; x_wconf 87' lang='lat' dir='ltr'>non</span> <span class='ocrx_word' id='word_1_273' title='bbox 966 3100 1002 3140; x_wconf 78' lang='lat' dir='ltr'>eu</span> <span class='ocrx_word' id='word_1_274' title='bbox 1034 3082 1153 3143; x_wconf 82' lang='lat' dir='ltr'>ratione</span> 
     </span>
     <span class='ocr_line' id='line_1_31' title="bbox 25 3166 1154 3248; baseline 0.001 -23"><span class='ocrx_word' id='word_1_275' title='bbox 25 3169 117 3234; x_wconf 77' lang='lat'><strong>425.:</strong></span> <span class='ocrx_word' id='word_1_276' title='bbox 143 3166 574 3246; x_wconf 80' lang='lat' dir='ltr'>„placitemPocinutri-</span> <span class='ocrx_word' id='word_1_277' title='bbox 614 3169 742 3246; x_wconf 85' lang='lat' dir='ltr'>dicitur,</span> <span class='ocrx_word' id='word_1_278' title='bbox 784 3189 844 3248; x_wconf 84' lang='lat' dir='ltr'>quo</span> <span class='ocrx_word' id='word_1_279' title='bbox 877 3167 1014 3247; x_wconf 84' lang='lat' dir='ltr'>Heynius</span> <span class='ocrx_word' id='word_1_280' title='bbox 1047 3167 1154 3228; x_wconf 77' lang='lat' dir='ltr'>eristi-</span> 
     </span>
     <span class='ocr_line' id='line_1_32' title="bbox 27 3251 1153 3332; baseline 0 -20"><span class='ocrx_word' id='word_1_281' title='bbox 27 3264 77 3312; x_wconf 92' lang='lat' dir='ltr'>tor</span> <span class='ocrx_word' id='word_1_282' title='bbox 103 3253 252 3312; x_wconf 81' lang='lat' dir='ltr'>olivam.“</span> <span class='ocrx_word' id='word_1_283' title='bbox 285 3255 360 3312; x_wconf 79' lang='lat' dir='ltr'>Aen.</span> <span class='ocrx_word' id='word_1_284' title='bbox 381 3251 464 3328; x_wconf 91' lang='lat' dir='ltr'>Vlll,</span> <span class='ocrx_word' id='word_1_285' title='bbox 488 3257 573 3317; x_wconf 70' lang='lat' dir='ltr'>tto:</span> <span class='ocrx_word' id='word_1_286' title='bbox 615 3266 697 3332; x_wconf 76' lang='lat' dir='ltr'>mot5</span> <span class='ocrx_word' id='word_1_287' title='bbox 729 3255 772 3314; x_wconf 87' lang='lat' dir='ltr'>sic</span> <span class='ocrx_word' id='word_1_288' title='bbox 792 3255 869 3314; x_wconf 88' lang='lat' dir='ltr'>enim</span> <span class='ocrx_word' id='word_1_289' title='bbox 891 3275 955 3313; x_wconf 92' lang='lat' dir='ltr'>non</span> <span class='ocrx_word' id='word_1_290' title='bbox 967 3253 1153 3332; x_wconf 88' lang='lat' dir='ltr'>intelligitur,</span> 
     </span>
     <span class='ocr_line' id='line_1_33' title="bbox 26 3337 1155 3420; baseline -0.001 -24"><span class='ocrx_word' id='word_1_291' title='bbox 26 3339 255 3418; x_wconf 83' lang='lat' dir='ltr'>„pscilsroe</span> <span class='ocrx_word' id='word_1_292' title='bbox 270 3357 389 3397; x_wconf 83' lang='lat' dir='ltr'>romum</span> <span class='ocrx_word' id='word_1_293' title='bbox 403 3337 575 3418; x_wconf 83' lang='lat' dir='ltr'>praetendit</span> <span class='ocrx_word' id='word_1_294' title='bbox 616 3363 671 3401; x_wconf 91' lang='lat' dir='ltr'>cur</span> <span class='ocrx_word' id='word_1_295' title='bbox 682 3361 744 3401; x_wconf 89' lang='lat' dir='ltr'>non</span> <span class='ocrx_word' id='word_1_296' title='bbox 757 3341 879 3420; x_wconf 76' lang='lat' dir='ltr'>quaevis</span> <span class='ocrx_word' id='word_1_297' title='bbox 891 3359 1018 3399; x_wconf 78' lang='lat' dir='ltr'>coronae</span> <span class='ocrx_word' id='word_1_298' title='bbox 1032 3339 1069 3398; x_wconf 91' lang='lat' dir='ltr'>de</span> <span class='ocrx_word' id='word_1_299' title='bbox 1082 3359 1155 3416; x_wconf 79' lang='lat' dir='ltr'>qus.</span> 
     </span>
     <span class='ocr_line' id='line_1_34' title="bbox 27 3423 1153 3506; baseline 0 -24"><span class='ocrx_word' id='word_1_300' title='bbox 27 3426 136 3482; x_wconf 81' lang='lat' dir='ltr'>olivae.</span> <span class='ocrx_word' id='word_1_301' title='bbox 144 3427 162 3458; x_wconf 89' lang='lat'><strong>“</strong></span> <span class='ocrx_word' id='word_1_302' title='bbox 205 3423 244 3482; x_wconf 87' lang='lat' dir='ltr'>Et</span> <span class='ocrx_word' id='word_1_303' title='bbox 270 3425 401 3484; x_wconf 87' lang='lat' dir='ltr'>victores</span> <span class='ocrx_word' id='word_1_304' title='bbox 424 3443 575 3484; x_wconf 84' lang='lat' dir='ltr'>coronen-</span> <span class='ocrx_word' id='word_1_305' title='bbox 616 3428 663 3488; x_wconf 85' lang='lat' dir='ltr'>vis</span> <span class='ocrx_word' id='word_1_306' title='bbox 682 3427 789 3486; x_wconf 83' lang='lat' dir='ltr'>arbore</span> <span class='ocrx_word' id='word_1_307' title='bbox 807 3427 919 3506; x_wconf 80' lang='lat' dir='ltr'>petitae</span> <span class='ocrx_word' id='word_1_308' title='bbox 938 3427 983 3484; x_wconf 83' lang='lat' dir='ltr'>ita</span> <span class='ocrx_word' id='word_1_309' title='bbox 998 3433 1153 3484; x_wconf 86' lang='lat' dir='ltr'>vocentur.</span> 
     </span>
     <span class='ocr_line' id='line_1_35' title="bbox 26 3507 1154 3586; baseline -0.004 -13"><span class='ocrx_word' id='word_1_310' title='bbox 26 3520 81 3568; x_wconf 77' lang='lat' dir='ltr'>tm·</span> <span class='ocrx_word' id='word_1_311' title='bbox 105 3509 173 3568; x_wconf 71' lang='lat'>010⁸</span> <span class='ocrx_word' id='word_1_312' title='bbox 195 3507 269 3569; x_wconf 70' lang='lat' dir='ltr'>Aen</span> <span class='ocrx_word' id='word_1_313' title='bbox 290 3509 336 3586; x_wconf 90' lang='lat' dir='ltr'>V,</span> <span class='ocrx_word' id='word_1_314' title='bbox 363 3513 448 3574; x_wconf 84' lang='lat'>809:</span> <span class='ocrx_word' id='word_1_315' title='bbox 478 3511 575 3586; x_wconf 85' lang='lat' dir='ltr'>„Tres</span> <span class='ocrx_word' id='word_1_316' title='bbox 616 3513 693 3572; x_wconf 86' lang='lat' dir='ltr'>Msle</span> <span class='ocrx_word' id='word_1_317' title='bbox 709 3511 879 3572; x_wconf 81' lang='lat' dir='ltr'>Poscltolius</span> <span class='ocrx_word' id='word_1_318' title='bbox 898 3511 936 3570; x_wconf 89' lang='lat' dir='ltr'>de</span> <span class='ocrx_word' id='word_1_319' title='bbox 950 3509 1073 3568; x_wconf 90' lang='lat' dir='ltr'>Coronis</span> <span class='ocrx_word' id='word_1_320' title='bbox 1092 3508 1154 3568; x_wconf 88' lang='lat' dir='ltr'>Vll.</span> 
     </span>
     <span class='ocr_line' id='line_1_36' title="bbox 25 3593 1155 3681; baseline -0.003 -27"><span class='ocrx_word' id='word_1_321' title='bbox 25 3553 575 3681; x_wconf 73' lang='lat' dir='ltr'>preemieprimiAcdipientfleVaque</span> <span class='ocrx_word' id='word_1_322' title='bbox 619 3619 644 3658; x_wconf 92' lang='lat' dir='ltr'>c.</span> <span class='ocrx_word' id='word_1_323' title='bbox 656 3603 700 3662; x_wconf 83' lang='lat'>2.:</span> <span class='ocrx_word' id='word_1_324' title='bbox 722 3599 894 3674; x_wconf 80' lang='lat' dir='ltr'>„Corone</span> <span class='ocrx_word' id='word_1_325' title='bbox 915 3605 1027 3654; x_wconf 89' lang='lat' dir='ltr'>tonss</span> <span class='ocrx_word' id='word_1_326' title='bbox 1049 3601 1093 3652; x_wconf 89' lang='lat' dir='ltr'>est</span> <span class='ocrx_word' id='word_1_327' title='bbox 1109 3595 1155 3652; x_wconf 90' lang='lat' dir='ltr'>le-</span> 
     </span>
     <span class='ocr_line' id='line_1_37' title="bbox 26 3673 1155 3762; baseline 0 -24"><span class='ocrx_word' id='word_1_328' title='bbox 26 3692 123 3760; x_wconf 83' lang='lat' dir='ltr'>ceput</span> <span class='ocrx_word' id='word_1_329' title='bbox 160 3689 322 3740; x_wconf 86' lang='lat' dir='ltr'>nectentur</span> <span class='ocrx_word' id='word_1_330' title='bbox 351 3673 467 3740; x_wconf 81' lang='lat' dir='ltr'>olive.“</span> <span class='ocrx_word' id='word_1_331' title='bbox 502 3681 575 3740; x_wconf 84' lang='lat' dir='ltr'>ibid.</span> <span class='ocrx_word' id='word_1_332' title='bbox 619 3693 667 3743; x_wconf 86' lang='lat' dir='ltr'>cto</span> <span class='ocrx_word' id='word_1_333' title='bbox 685 3703 700 3742; x_wconf 89' lang='lat' dir='ltr'>e</span> <span class='ocrx_word' id='word_1_334' title='bbox 719 3684 829 3762; x_wconf 82' lang='lat' dir='ltr'>pratis,</span> <span class='ocrx_word' id='word_1_335' title='bbox 856 3682 918 3741; x_wconf 85' lang='lat' dir='ltr'>sive</span> <span class='ocrx_word' id='word_1_336' title='bbox 931 3678 1045 3755; x_wconf 85' lang='lat' dir='ltr'>hortis,</span> <span class='ocrx_word' id='word_1_337' title='bbox 1067 3679 1155 3738; x_wconf 82' lang='lat' dir='ltr'>lemi-</span> 
     </span>
     <span class='ocr_line' id='line_1_38' title="bbox 26 3763 1155 3841; baseline -0.003 -17"><span class='ocrx_word' id='word_1_338' title='bbox 26 3767 117 3830; x_wconf 79' lang='lat'><strong>493.:</strong></span> <span class='ocrx_word' id='word_1_339' title='bbox 150 3765 347 3841; x_wconf 85' lang='lat' dir='ltr'>„Mnestheus</span> <span class='ocrx_word' id='word_1_340' title='bbox 369 3766 468 3825; x_wconf 83' lang='lat' dir='ltr'>victor</span> <span class='ocrx_word' id='word_1_341' title='bbox 489 3767 576 3826; x_wconf 85' lang='lat' dir='ltr'>evin-</span> <span class='ocrx_word' id='word_1_342' title='bbox 616 3769 685 3830; x_wconf 88' lang='lat' dir='ltr'>lisri</span> <span class='ocrx_word' id='word_1_343' title='bbox 718 3768 828 3828; x_wconf 82' lang='lat' dir='ltr'>nostris</span> <span class='ocrx_word' id='word_1_344' title='bbox 863 3765 1013 3826; x_wconf 88' lang='lat' dir='ltr'>locutione</span> <span class='ocrx_word' id='word_1_345' title='bbox 1039 3763 1155 3822; x_wconf 81' lang='lat' dir='ltr'>tondere</span> 
     </span>
     <span class='ocr_line' id='line_1_39' title="bbox 28 3811 1156 3933; baseline 0 -25"><span class='ocrx_word' id='word_1_346' title='bbox 28 3861 98 3910; x_wconf 91' lang='lat' dir='ltr'>ctus</span> <span class='ocrx_word' id='word_1_347' title='bbox 114 3811 224 3911; x_wconf 80' lang='lat' dir='ltr'>olive.“</span> <span class='ocrx_word' id='word_1_348' title='bbox 269 3852 349 3926; x_wconf 83' lang='lat' dir='ltr'>Qule</span> <span class='ocrx_word' id='word_1_349' title='bbox 371 3861 472 3910; x_wconf 83' lang='lat' dir='ltr'>sutem</span> <span class='ocrx_word' id='word_1_350' title='bbox 492 3853 576 3932; x_wconf 85' lang='lat' dir='ltr'>psci-</span> <span class='ocrx_word' id='word_1_351' title='bbox 612 3867 725 3933; x_wconf 80' lang='lat' dir='ltr'>prato,</span> <span class='ocrx_word' id='word_1_352' title='bbox 755 3851 884 3926; x_wconf 75' lang='lat' dir='ltr'>herdae,</span> <span class='ocrx_word' id='word_1_353' title='bbox 917 3851 1031 3924; x_wconf 71' lang='lat' dir='ltr'>elohe,</span> <span class='ocrx_word' id='word_1_354' title='bbox 1067 3859 1098 3910; x_wconf 91' lang='lat' dir='ltr'>et</span> <span class='ocrx_word' id='word_1_355' title='bbox 1113 3849 1156 3908; x_wconf 94' lang='lat' dir='ltr'>si-</span> 
     </span>
     <span class='ocr_line' id='line_1_40' title="bbox 27 3935 1154 4018; baseline -0.001 -23"><span class='ocrx_word' id='word_1_356' title='bbox 27 3938 112 4012; x_wconf 75' lang='lat' dir='ltr'>sere,</span> <span class='ocrx_word' id='word_1_357' title='bbox 136 3947 208 4016; x_wconf 83' lang='lat' dir='ltr'>epte</span> <span class='ocrx_word' id='word_1_358' title='bbox 222 3945 267 3996; x_wconf 78' lang='lat' dir='ltr'>ert</span> <span class='ocrx_word' id='word_1_359' title='bbox 291 3935 394 3996; x_wconf 84' lang='lat' dir='ltr'>cedem</span> <span class='ocrx_word' id='word_1_360' title='bbox 417 3937 458 3996; x_wconf 82' lang='lat' dir='ltr'>ed</span> <span class='ocrx_word' id='word_1_361' title='bbox 473 3957 576 4018; x_wconf 77' lang='lat' dir='ltr'>pacem</span> <span class='ocrx_word' id='word_1_362' title='bbox 618 3940 727 3998; x_wconf 80' lang='lat' dir='ltr'>milic.“</span> <span class='ocrx_word' id='word_1_363' title='bbox 748 3937 872 4016; x_wconf 85' lang='lat' dir='ltr'>Proprie</span> <span class='ocrx_word' id='word_1_364' title='bbox 886 3935 945 3994; x_wconf 89' lang='lat' dir='ltr'>dici</span> <span class='ocrx_word' id='word_1_365' title='bbox 957 3944 1083 4009; x_wconf 85' lang='lat' dir='ltr'>tonsam,</span> <span class='ocrx_word' id='word_1_366' title='bbox 1096 3935 1115 3996; x_wconf 89' lang='lat' dir='ltr'>i.</span> <span class='ocrx_word' id='word_1_367' title='bbox 1129 3954 1154 3994; x_wconf 87' lang='lat' dir='ltr'>e.</span> 
     </span>
     <span class='ocr_line' id='line_1_41' title="bbox 29 4019 1156 4102; baseline 0.002 -24"><span class='ocrx_word' id='word_1_368' title='bbox 29 4023 127 4081; x_wconf 87' lang='lat' dir='ltr'>Deum</span> <span class='ocrx_word' id='word_1_369' title='bbox 149 4023 381 4102; x_wconf 63' lang='lat' dir='ltr'>exposcendam</span> <span class='ocrx_word' id='word_1_370' title='bbox 410 4043 502 4100; x_wconf 82' lang='lat' dir='ltr'>quere</span> <span class='ocrx_word' id='word_1_371' title='bbox 523 4045 576 4084; x_wconf 91' lang='lat' dir='ltr'>co·</span> <span class='ocrx_word' id='word_1_372' title='bbox 619 4025 703 4084; x_wconf 86' lang='lat' dir='ltr'>cuius</span> <span class='ocrx_word' id='word_1_373' title='bbox 719 4023 798 4097; x_wconf 85' lang='lat' dir='ltr'>solis,</span> <span class='ocrx_word' id='word_1_374' title='bbox 819 4029 856 4080; x_wconf 87' lang='lat' dir='ltr'>ut</span> <span class='ocrx_word' id='word_1_375' title='bbox 867 4039 970 4100; x_wconf 77' lang='lat' dir='ltr'>parem</span> <span class='ocrx_word' id='word_1_376' title='bbox 986 4021 1085 4078; x_wconf 81' lang='lat' dir='ltr'>omnio</span> <span class='ocrx_word' id='word_1_377' title='bbox 1097 4019 1156 4080; x_wconf 88' lang='lat' dir='ltr'>hs-</span> 
     </span>
     <span class='ocr_line' id='line_1_42' title="bbox 27 4106 1156 4186; baseline 0 -20"><span class='ocrx_word' id='word_1_378' title='bbox 27 4129 108 4166; x_wconf 82' lang='lat' dir='ltr'>rona</span> <span class='ocrx_word' id='word_1_379' title='bbox 123 4107 255 4186; x_wconf 76' lang='lat' dir='ltr'>oleagino</span> <span class='ocrx_word' id='word_1_380' title='bbox 268 4107 467 4168; x_wconf 79' lang='lat' dir='ltr'>sacrificantes</span> <span class='ocrx_word' id='word_1_381' title='bbox 481 4107 577 4168; x_wconf 83' lang='lat' dir='ltr'>vincti</span> <span class='ocrx_word' id='word_1_382' title='bbox 618 4109 724 4170; x_wconf 87' lang='lat' dir='ltr'>berent</span> <span class='ocrx_word' id='word_1_383' title='bbox 755 4106 993 4186; x_wconf 87' lang='lat' dir='ltr'>longitudinem,</span> <span class='ocrx_word' id='word_1_384' title='bbox 1037 4115 1156 4167; x_wconf 76' lang='lat' dir='ltr'>attonso</span> 
     </span>
     <span class='ocr_line' id='line_1_43' title="bbox 29 4191 1155 4273; baseline 0.002 -23"><span class='ocrx_word' id='word_1_385' title='bbox 29 4193 107 4252; x_wconf 82' lang='lat' dir='ltr'>Aen.</span> <span class='ocrx_word' id='word_1_386' title='bbox 121 4193 158 4268; x_wconf 90' lang='lat' dir='ltr'>V,</span> <span class='ocrx_word' id='word_1_387' title='bbox 174 4191 260 4258; x_wconf 84' lang='grc'><strong>774.;</strong></span> <span class='ocrx_word' id='word_1_388' title='bbox 289 4193 374 4273; x_wconf 85' lang='lat' dir='ltr'>„lpse</span> <span class='ocrx_word' id='word_1_389' title='bbox 394 4202 485 4272; x_wconf 84' lang='lat' dir='ltr'>ceput</span> <span class='ocrx_word' id='word_1_390' title='bbox 504 4200 576 4252; x_wconf 87' lang='lat' dir='ltr'>t&#39;on-</span> <span class='ocrx_word' id='word_1_391' title='bbox 617 4195 739 4268; x_wconf 88' lang='lat' dir='ltr'>suerint,</span> <span class='ocrx_word' id='word_1_392' title='bbox 754 4192 911 4252; x_wconf 87' lang='lat' dir='ltr'>contendit</span> <span class='ocrx_word' id='word_1_393' title='bbox 922 4191 1054 4252; x_wconf 86' lang='lat' dir='ltr'>Vossius.</span> <span class='ocrx_word' id='word_1_394' title='bbox 1084 4193 1155 4252; x_wconf 85' lang='lat' dir='ltr'>Ser-</span> 
     </span>
     <span class='ocr_line' id='line_1_44' title="bbox 29 4277 1156 4357; baseline 0.002 -21"><span class='ocrx_word' id='word_1_395' title='bbox 29 4299 83 4336; x_wconf 80' lang='lat' dir='ltr'>see</span> <span class='ocrx_word' id='word_1_396' title='bbox 98 4279 176 4338; x_wconf 83' lang='lat' dir='ltr'>loliis</span> <span class='ocrx_word' id='word_1_397' title='bbox 189 4277 326 4338; x_wconf 82' lang='lat' dir='ltr'>evinctus</span> <span class='ocrx_word' id='word_1_398' title='bbox 340 4279 576 4356; x_wconf 73' lang='lat' dir='ltr'>olivae—pste-</span> <span class='ocrx_word' id='word_1_399' title='bbox 616 4281 684 4341; x_wconf 85' lang='lat' dir='ltr'>vius</span> <span class='ocrx_word' id='word_1_400' title='bbox 698 4279 730 4340; x_wconf 88' lang='lat' dir='ltr'>h.</span> <span class='ocrx_word' id='word_1_401' title='bbox 743 4279 763 4338; x_wconf 93' lang='grc' dir='ltr'>Ι.</span> <span class='ocrx_word' id='word_1_402' title='bbox 779 4280 1012 4357; x_wconf 75' lang='lat' dir='ltr'>interpretetur:</span> <span class='ocrx_word' id='word_1_403' title='bbox 1033 4279 1156 4354; x_wconf 88' lang='lat' dir='ltr'>„minu-</span> 
     </span>
     <span class='ocr_line' id='line_1_45' title="bbox 28 4363 1155 4443; baseline 0.001 -20"><span class='ocrx_word' id='word_1_404' title='bbox 28 4385 101 4423; x_wconf 80' lang='lat' dir='ltr'>rem</span> <span class='ocrx_word' id='word_1_405' title='bbox 116 4375 201 4424; x_wconf 87' lang='lat' dir='ltr'>tenet</span> <span class='ocrx_word' id='word_1_406' title='bbox 221 4375 351 4442; x_wconf 82' lang='lat' dir='ltr'>extoque</span> <span class='ocrx_word' id='word_1_407' title='bbox 367 4365 459 4423; x_wconf 78' lang='lat' dir='ltr'>salsos</span> <span class='ocrx_word' id='word_1_408' title='bbox 472 4365 576 4426; x_wconf 86' lang='lat' dir='ltr'>Porri·</span> <span class='ocrx_word' id='word_1_409' title='bbox 617 4366 656 4424; x_wconf 88' lang='lat' dir='ltr'>tis</span> <span class='ocrx_word' id='word_1_410' title='bbox 671 4364 747 4424; x_wconf 89' lang='lat' dir='ltr'>soliis</span> <span class='ocrx_word' id='word_1_411' title='bbox 761 4364 970 4443; x_wconf 81' lang='lat' dir='ltr'>compositos.“</span> <span class='ocrx_word' id='word_1_412' title='bbox 988 4373 1019 4422; x_wconf 92' lang='lat' dir='ltr'>et</span> <span class='ocrx_word' id='word_1_413' title='bbox 1032 4363 1106 4424; x_wconf 80' lang='lat' dir='ltr'>Aen.</span> <span class='ocrx_word' id='word_1_414' title='bbox 1120 4364 1155 4438; x_wconf 92' lang='lat' dir='ltr'>V,</span> 
     </span>
     <span class='ocr_line' id='line_1_46' title="bbox 29 4449 1225 4528; baseline 0.002 -20"><span class='ocrx_word' id='word_1_415' title='bbox 29 4449 276 4512; x_wconf 79' lang='lat' dir='ltr'>citinlluctus.“</span> <span class='ocrx_word' id='word_1_416' title='bbox 298 4449 576 4528; x_wconf 81' lang='lat' dir='ltr'>Tibult.11‚1,15.:</span> <span class='ocrx_word' id='word_1_417' title='bbox 617 4449 704 4516; x_wconf 84' lang='lat'><strong>774.:</strong></span> <span class='ocrx_word' id='word_1_418' title='bbox 728 4457 882 4527; x_wconf 84' lang='lat' dir='ltr'>„comtce,</span> <span class='ocrx_word' id='word_1_419' title='bbox 904 4451 1028 4512; x_wconf 84' lang='lat' dir='ltr'>minutis</span> <span class='ocrx_word' id='word_1_420' title='bbox 1041 4450 1154 4511; x_wconf 85' lang='lat' dir='ltr'>loliis.“</span> <span class='ocrx_word' id='word_1_421' title='bbox 1221 4474 1225 4488; x_wconf 63' lang='lat'><em>⁴</em></span> 
     </span>
    </p>
   </div>
   <div class='ocr_carea' id='block_1_5' title="bbox 0 0 1358 5002">
    <p class='ocr_par' dir='ltr' id='par_1_6' title="bbox 0 0 1358 5002">
     <span class='ocr_line' id='line_1_47' title="bbox 0 0 1358 5002; baseline 0 0"><span class='ocrx_word' id='word_1_422' title='bbox 0 0 1358 5002; x_wconf 95' lang='lat' dir='ltr'> </span> 
     </span>
    </p>
   </div>
  </div>
 </body>
</html>
