2656 5008
215 335 575 414 ononffloon
600 339 704 416 ers.
734 340 786 436 11,
813 345 980 421 rs-so
1083 273 1157 422 tor

45 525 135 602 Eriit
145 523 195 600 ad
210 522 369 600 coelum
385 525 504 602 ramis
519 519 700 604 felicibus
717 526 847 624 arbos,

44 627 278 730 Miraturque
295 651 418 704 novas
432 623 589 706 frondis
604 642 643 704 et
657 654 739 704 non
756 654 825 706 sua
873 655 975 710 omo.

86 737 293 808 Praeterea
311 755 436 828 genus
453 731 563 808 haud
576 755 726 830 unum,
752 758 827 809 nec
839 656 1010 811 ionibus
1026 735 1157 834 ulmis,

45 841 115 914 Nec
130 835 236 912 salici
251 834 440 936 lotoque,
468 859 602 936 neque
618 835 746 912 Idaeis
760 837 979 938 cyparissis;

43 947 114 1016 Nec
129 941 297 1040 pingues
313 963 436 1016 unam
455 939 495 1016 in
517 937 661 1016 faciem
679 955 893 1018 nascuntur
909 940 1046 1039 olivae,
1106 946 1157 1021 85

45 1041 262 1140 Orchades‚
291 1055 330 1120 et
355 1042 472 1139 radii,
502 1055 541 1120 et
560 1068 690 1122 amara
704 1045 983 1146 pausiabacca,

85 1187 143 1260 st.
170 1201 317 1278 strici,
345 1203 577 1260 crrnmssn.
631 1189 690 1260 86.
717 1203 863 1261 nicos:

69 1391 98 1442 81
116 1385 200 1439 arbor
211 1405 225 1438 e
238 1387 323 1440 tribus
337 1401 447 1458 propter
460 1405 550 1442 sonum
563 1390 690 1458 praetulit
703 1393 789 1442 Burin.
825 1388 907 1442 arbos
918 1389 971 1442 ulii.
990 1388 1052 1458 (vid.
1068 1395 1158 1438 notuta

40 1457 134 1508 adlici-
149 1458 251 1520 lll,56.
274 1457 344 1524 Wr.)
415 1461 450 1514 82
468 1463 572 1511 Mirato
587 1473 629 1510 est
661 1460 921 1512 reserviurlaudae
947 1459 990 1512 Sic
1005 1457 1071 1510 oud.
1100 1459 1157 1508 Mi·-

41 1541 162 1596 mauque
173 1525 270 1578 Medic.
284 1527 391 1579 Mentel.
408 1539 523 1598 uterque,
541 1479 668 1581 Freneil

40 1615 85 1677 que
95 1615 184 1648 navus
195 1596 289 1664 fragm.
305 1597 426 1648 Gudieno
441 1597 526 1652 oodici
541 1609 663 1661 assutum,
681 1611 710 1651 ut
726 1610 815 1651 auctor
827 1609 906 1650 notae
918 1598 1057 1650 Seruianae
1069 1596 1097 1646 in
1109 1613 1157 1646 suo

40 1665 160 1716 invenisse
173 1665 286 1718 videtur.
319 1667 388 1718 Satis
402 1667 504 1738 liquere
519 1668 583 1719 mihi
598 1668 717 1732 ridetur,
735 1668 801 1720 haee
818 1669 903 1720 omnia
918 1687 976 1720 esse
992 1685 1096 1730 eorum,
1114 1661 1158 1733 qui

40 1748 92 1804 posi
105 1737 170 1786 exiit
182 1735 253 1786 idern
268 1746 370 1808 tempus
389 1737 536 1788 continuari
547 1737 678 1790 volebant.
713 1741 826 1790 Miratis
845 1759 879 1790 ue
895 1739 936 1789 vel
951 1740 1077 1790 Emirata
1089 1733 1156 1786 coni.

39 1805 135 1868 licius,
154 1804 206 1856 hoc
222 1805 332 1856 alterum
347 1823 450 1876 qnoque
461 1807 600 1858 Schrader.
636 1809 816 1878 (miraturque
857 1807 922 1860 edic.
937 1826 953 1860 a
967 1825 1000 1858 m.
1014 1825 1066 1857 see.
1100 1809 1158 1872 Ap-

39 1887 120 1943 paret,
143 1876 261 1925 auratas
275 1890 289 1924 e
303 1891 369 1926 sono
388 1877 521 1944 sequentis
540 1893 597 1928 voc.
621 1887 707 1928 ortum
729 1895 802 1940 esse5
827 1877 879 1930 vid.
897 1881 928 1940 Q.
944 1879 977 1928 V.
992 1877 1074 1938 Villi,
1088 1877 1115 1936 2,
1131 1875 1156 1924 b.

39 1945 97 1994 ilinc
112 1952 244 2011 expuncto
261 1943 373 2010 sigmate
386 1947 537 2014 usitatoque
553 1947 660 2008 isctum3
679 1946 740 1998 hine
752 1945 876 1999 Serviane
888 1946 969 1999 lectio
985 1949 1085 1997 mirata
1100 1955 1157 1994 est-

54 2033 97 2074 se3
119 2013 173 2062 vid.
194 2015 227 2076 Q.
240 2015 274 2064 V.
288 2014 361 2076 xvi,
382 2015 408 2067 6.
438 2017 511 2082 Wr.)
547 2015 684 2085 Expressit
703 2033 803 2067 versam
823 2017 900 2068 Silius
914 2017 972 2081 Vll,
990 2018 1042 2071 208
1061 2013 1110 2064 llic
1124 2041 1157 2052 ···

38 2037 141 2134 istebat
152 2082 282 2134 bissibus
298 2111 332 2122 -
353 2085 475 2134 Miratus
486 2103 599 2136 nemora
614 2098 640 2136 et
654 2087 779 2137 lucentes
792 2087 850 2138 sole
864 2103 992 2138 racemos.
1029 2081 1159 2155 (frondes

38 2152 125 2202 lledie.
148 2153 222 2219 Wr.)
293 2152 328 2206 83
347 2170 430 2204 anum
445 2165 487 2204 est
501 2153 682 2224 ulterMeuag.
754 2155 788 2208 84
805 2156 942 2216 biotam
966 2156 1013 2206 sed
1029 2151 1157 2222 copulan-

37 2235 74 2272 tur
93 2222 129 2272 sie
146 2221 226 2289 plura
245 2219 363 2272 eiustlem
380 2222 491 2290 generis.
526 2242 614 2292 neque
633 2227 657 2274 1.
678 2223 704 2275 iu
727 2223 832 2291 seriptis
852 2223 961 2276 Heinsii.
988 2225 1050 2293 (rid.
1072 2226 1104 2286 Q.
1124 2223 1156 2272 V.

35 2293 147 2356 ΧΧΧΠ,
164 2295 208 2344 10.
231 2293 303 2358 Wr.)
369 2293 404 2344 86
423 2293 574 2356 Orebodes,
593 2294 663 2360 quod
678 2293 774 2344 dudum
787 2293 814 2343 in
829 2294 980 2345 melioribus
994 2304 1063 2356 erat,
1080 2291 1157 2342 nidd.

36 2371 58 2410 et
80 2360 135 2411 iriae
156 2359 330 2428 propagatis,
355 2360 434 2412 etism
451 2361 559 2428 steph„
582 2361 705 2414 Heinsius
725 2381 739 2412 e
756 2363 849 2414 suiset
866 2363 992 2414 Pierisnis
1011 2361 1157 2422 revocarit3

35 2447 82 2498 qno
94 2429 207 2482 eliorum
219 2429 297 2481 codd.
313 2429 492 2481 aberrationes
509 2430 637 2482 alludunt.
672 2434 705 2483 Et
719 2430 756 2482 sie
770 2433 815 2482 Gr.
829 2427 922 2500 ὀρχᾶς.
958 2431 1102 2482 Obsidebst
1112 2439 1157 2480 ts-

36 2517 86 2550 men
102 2517 137 2552 ex
150 2497 216 2550 edit.
230 2499 323 2568 Egnat.
339 2510 365 2550 et
377 2499 486 2550 Munatii
507 2500 688 2551 emendatione
706 2499 836 2552 editiones
850 2501 987 2561 orchites,
1011 2498 1095 2552 Servii
1108 2517 1156 2549 su-

36 2570 150 2620 ctoritete
169 2567 251 2637 (quai
276 2569 347 2620 nulle
361 2567 426 2632 alis,
450 2587 526 2638 quens
541 2570 611 2638 qnod
629 2570 666 2622 ita
685 2569 872 2636 praescriptam
886 2580 926 2620 est
941 2569 995 2620 eius
1009 2567 1113 2618 notulae
1130 2567 1157 2617 in

36 2639 92 2690 edit.
107 2641 212 2700 nurm.;
236 2649 262 2689 st
286 2638 344 2690 cod.
362 2639 454 2690 Drestl.
476 2657 533 2690 cuns
554 2638 612 2690 sliis
626 2657 668 2706 ap.
684 2637 774 2690 lleius.
789 2649 815 2688 et
826 2641 911 2689 Burm.
933 2638 1065 2688 orchades
1077 2655 1156 2704 prse-

36 2709 82 2758 bet.
104 2709 180 2775 Wr.)
208 2717 234 2758 et
257 2725 304 2758 usu
326 2719 453 2776 perpetuo
475 2707 633 2776 scriptoram
655 2708 688 2758 de
710 2725 739 2758 re
759 2707 856 2760 rustice
876 2707 1081 2774 comprobatum.
1105 2706 1156 2756 vid.

35 2777 154 2829 llsrduin.
169 2777 205 2828 ud
220 2775 285 2828 Plin.
299 2778 361 2839 XV,
375 2781 399 2841 1,
411 2797 432 2829 s.
447 2780 466 2832 2
482 2789 509 2828 et
523 2778 550 2828 h.
565 2777 583 2829 l.
598 2775 689 2829 Heius.
724 2781 758 2827 At
771 2777 822 2828 hoc
838 2775 916 2827 metri
928 2775 970 2826 lex
982 2793 1035 2826 non
1049 2774 1157 2841 patitur,

34 2857 57 2896 st
69 2865 117 2898 nec
131 2846 176 2910 id,
194 2847 265 2914 qnod
280 2863 344 2897 unus
354 2845 506 2898 Meadisnus
520 2846 615 2910 offert,
634 2846 786 2909 orchades,
805 2847 943 2916 recisique,
960 2861 1009 2896 nec
1023 2843 1045 2894 si
1060 2845 1156 2895 Orchi-

35 2931 70 2966 ιη
83 2917 214 2985 rnds's‘que
232 2927 260 2966 et
274 2933 300 2968 a.
316 2916 460 2980 scriberes,
483 2915 555 2967 aliud
570 2933 662 2982 ageres
675 2931 751 2984 quani
762 2926 791 2966 ut
803 2915 909 2983 vulgare
923 2913 1092 2966 substitueres
1104 2913 1156 2964 do-

34 2987 113 3038 ctiori.
150 2983 264 3036 Omnino
282 2986 353 3038 varie
372 2985 442 3040 idem
458 2983 612 3038 vocabulum
632 2983 750 3038 extulere
767 2995 870 3038 veteres
889 3003 921 3036 ex
941 2977 1043 3052 lintis,
1070 2976 1156 3050 (inlr,

34 3049 157 3124 iilffllsss
179 3047 292 3124 ὄθῑῖῗιὸ·
320 3051 330 3071 Ι

33 3255 85 3290 non
117 3231 254 3310 gentilia
281 3251 389 3308 poma.
435 3229 495 3288 Sed
526 3229 576 3290 alii
616 3229 767 3292 uberiore
788 3229 900 3306 Plinio,
925 3227 1104 3302 Columella,
1126 3237 1157 3285 et

34 3319 229 3378 luxuriantur
239 3315 272 3376 in
282 3313 352 3376 boc.
373 3313 436 3376 vid.
449 3315 515 3374 loca
528 3335 574 3396 ap.
616 3315 749 3376 Palladio
761 3316 899 3396 petendu.

34 3403 170 3464 ursam.
194 3399 249 3482 (lle
261 3401 366 3481 copula
378 3414 414 3476 et,
437 3401 576 3460 celerita-
659 3400 711 3465 84.
733 3403 830 3462 Lotus
847 3401 938 3462 modo
958 3399 1068 3459 herbae
1084 3417 1156 3478 pra-

34 3499 87 3548 tun
127 3487 340 3566 exprimente,
381 3486 444 3547 vid.
477 3486 515 3560 Q.
539 3487 575 3546 V.
616 3487 709 3546 tensis
724 3508 817 3566 genus
836 3497 901 3562 est,
922 3484 1089 3545 iucundum
1102 3502 1156 3560 pe-

34 3575 160 3649 XXXV,
174 3577 202 3636 6.
230 3571 313 3652 Wr.)
618 3572 704 3631 cudis
718 3574 880 3651 pabulum,
903 3571 988 3632 nobis
1001 3569 1154 3640 Stemklee,

71 3665 113 3724 83
129 3662 261 3726 -108,
284 3657 331 3716 ld
350 3657 517 3732 culturam,
545 3660 577 3716 in
620 3657 762 3718 eortius.
784 3657 933 3734 111‚894,
955 3654 1044 3714 modo
1063 3651 1156 3711 herba

35 3765 88 3820 ψη
101 3753 198 3825 poeta
216 3753 373 3819 versetur,
396 3752 510 3824 spectat
529 3742 577 3802 di·
617 3743 759 3822 palustris
787 3763 825 3802 ex
850 3741 1085 3822 nyrnpbaearurn
1105 3757 1157 3816 ge-

36 3829 125 3892 lectus
145 3849 218 3890 oum
238 3831 352 3908 generis
372 3829 576 3908 praestantio-
618 3848 689 3888 nere
700 3873 709 3904 ,
739 3829 805 3888 Nilo
825 3829 980 3906 frequens5
1007 3823 1065 3882 boc
1082 3841 1156 3883 vero

37 3907 97 3991 n's,'
113 3929 184 3976 turn
199 3915 272 3976 eseli
286 3937 322 3976 sc
333 3915 389 3974 soli
400 3913 515 3974 idonei:
538 3914 576 3974 de
617 3914 684 3974 looo
709 3923 754 3974 est
770 3933 862 3994 genus
883 3909 1015 3984 arboris,
1045 3910 1156 3968 [taam

37 3997 88 4060 boc
102 4003 235 4062 alteros
251 4021 295 4062 vs.
318 4005 378 4066 109
394 4019 437 4078 sq.
457 4004 517 4062 117
532 4019 575 4076 sq.
607 4000 808 4080 samr'lr'erris,
844 3997 1012 4058 dulcissimo
1044 3995 1156 4054 fructu.
1205 4001 1209 4010 '

38 4085 135 4164 ltnque
168 4087 267 4146 varias
288 4087 431 4148 arborum
449 4085 576 4144 familias
617 4085 770 4162 ebibitum
793 4092 927 4144 nostram
952 4102 1004 4141 seu
1023 4079 1157 4140 iuiubam

39 4191 85 4230 seu
98 4173 215 4254 speeies
228 4171 362 4230 eiusdem
377 4171 492 4252 generis
504 4189 575 4246 esse,
618 4190 679 4228 esse
709 4179 798 4249 putat
824 4189 892 4228 eum
918 4167 981 4227 aliis
1010 4165 1178 4234 Martinus,

40 4259 194 4340 taenrplis,
216 4266 253 4318 ut
267 4267 372 4336 poeta,
397 4259 494 4316 donet.
514 4255 575 4314 Or·
618 4255 657 4314 nd
669 4255 731 4314 b.l.
774 4253 810 4314 In
824 4255 903 4328 Ida,
928 4255 1156 4327 Cretaemonte,

40 4345 204 4404 iratissimus
243 4341 327 4402 locus
364 4343 576 4404 adiunctorrun
618 4341 799 4419 cyparissis.
815 4341 947 4420 cupressi
962 4347 1068 4419 sponte
1082 4357 1156 4417 pro-

41 4429 119 4508 copia
146 4451 183 4490 so
214 4429 370 4490 vsrietate.
412 4427 576 4488 illustratio
618 4426 752 4488 veniunt.
786 4428 824 4488 cl.
846 4426 943 4487 Ursin.
970 4424 1011 4484 ad
1029 4421 1060 4483 b.
1078 4421 1099 4482 l.
1114 4452 1157 4466 -

671 1529 743 1598 egius
758 1548 815 1581 cum
828 1529 908 1582 Goth.
923 1547 975 1581 seo.
1002 1533 1038 1580 At
1052 1529 1159 1578 Μίνωα
1228 1559 1230 1566 -
