2656 5008
189 427 546 507 ceonomon
571 431 676 509 mn.
703 431 754 531 u,
781 441 950 518 ee-se
1052 445 1127 520 scr

36 619 257 716 Exspectant,
287 613 427 694 et'viva
445 643 513 694 sue
529 618 720 720 plantaria
734 633 857 716 terre3

36 719 83 794 Nil
98 719 224 794 radicis
241 734 360 818 egent
375 721 490 818 aliae,
517 747 803 826 sumnmmque
816 738 976 826 putator

35 821 129 898 llnud
144 822 292 898 dubitat
306 838 436 901 terrae
452 823 632 903 referens
646 823 838 906 mandare
857 854 1057 909 cacumen.

36 929 120 1020 Quin
137 939 173 1002 el
190 926 416 1004 caudicibus
434 931 550 1008 sectis
570 931 769 1028 (mirabile
787 929 912 1032 dictu)
1078 943 1129 1016 30

35 1029 199 1106 deitur
215 1055 237 1106 e
254 1031 358 1108 sicco
377 1031 487 1108 radix
505 1025 683 1132 oleagina
697 1034 816 1133 ligno.

32 1136 68 1206 Ec
81 1157 187 1234 saepe
204 1133 362 1212 alterius
377 1160 510 1212 ramos
526 1137 678 1240 inpune
695 1138 878 1214 videmus

67 1263 120 1335 28.
143 1276 277 1348 ΔΗΑΕς

58 1429 86 1483 28
99 1441 221 1502 pacatum
232 1431 325 1500 freyn.
337 1431 434 1486 Moret.
492 1433 525 1490 31
545 1451 579 1484 ex
591 1434 659 1486 sicto
670 1434 777 1486 volebat
788 1433 936 1486 Pontedera
948 1432 1054 1502 Antiqq.
1065 1447 1128 1504 pag.

32 1499 68 1551 1⁵3
82 1512 105 1550 ec
119 1499 254 1569 inscript.
268 1502 301 1552 la.
315 1503 346 1552 ll.
362 1519 424 1570 pag.
439 1503 523 1570 1297,
541 1502 648 1572 antique
663 1521 712 1572 pro
729 1517 810 1557 secto.
846 1503 945 1556 levid.
963 1505 1025 1556 Not.
1094 1503 1131 1556 32

29 1573 56 1616 Al
70 1587 143 1639 enepu
157 1570 259 1638 Menng.
277 1579 305 1622 et
315 1569 415 1624 zulich.

30 1729 125 1768 necem
146 1721 208 1788 eet,
241 1721 273 1770 et
289 1714 322 1770 c'n
339 1725 416 1772 tem
439 1712 549 1789 eua,h.
590 1721 691 1774 terrae
702 1733 732 1773 se
747 1715 863 1794 alliget.
901 1712 1024 1772 Caudex
1035 1723 1131 1770 sectus

29 1814 67 1870 ea,
86 1795 115 1854 in
134 1817 193 1874 qua
214 1807 311 1858 meter
327 1799 438 1874 crevit,
460 1801 550 1880 plen·
590 1819 645 1880 per
662 1821 692 1859 se
705 1801 878 1881 simpliciter
890 1818 951 1858 esse
963 1806 1131 1880 posset,re-

29 1891 85 1940 lere.
122 1883 189 1942 Non
219 1883 341 1962 quidem
359 1885 459 1946 nescio
481 1895 550 1967 post
591 1895 689 1946 sectus
708 1896 739 1946 et
759 1887 921 1963 abscissum
942 1883 996 1944 sed
1015 1884 1132 1944 obtem-

28 1967 159 2044 Servim,
183 1970 312 2029 Cerdem
326 1981 470 2050 quartum
491 1973 549 2032 ali-
590 1973 757 2052 perandnm
771 1981 817 2032 est
829 1972 902 2032 viris
914 1971 1027 2052 peritis,
1041 1989 1131 2049 prse-

28 2071 97 2130 quam
111 2055 235 2115 modum
256 2061 494 2136 vampositionir
509 2078 548 2117 ex
590 2068 680 2117 eunte
691 2059 751 2118 iam
765 2059 869 2118 Servio
885 2067 915 2117 et
930 2057 1035 2132 Cerdo,
1058 2075 1131 2115 cau-

29 2139 120 2200 rerbis:
149 2155 176 2199 et
207 2144 281 2201 νὶνα
308 2165 365 2201 ena
390 2145 549 2222 plantaria
593 2141 688 2204 dicem
724 2163 777 2204 seu
802 2153 946 2204 muricum
974 2141 1070 2202 scindi
1098 2141 1131 2202 in

26 2237 101 2302 cera,
123 2227 245 2288 irderre.
289 2228 367 2288 Tum
385 2230 492 2289 saltem
503 2232 550 2290 le·
591 2230 692 2310 plnres
705 2240 821 2311 partes,
844 2229 963 2290 diffindi
977 2249 1013 2288 ac
1028 2227 1131 2288 conci-
1210 2293 1214 2302 ,

26 2311 136 2384 gendum
157 2315 255 2372 soret:
285 2327 340 2373 aad
364 2315 444 2378 viva.
472 2317 548 2377 Plin.
593 2314 640 2391 di,
661 2316 753 2376 itaut
774 2335 813 2375 ex
832 2315 964 2376 medulla
982 2334 1063 2374 nove
1079 2334 1131 2372 ar-

26 2396 106 2474 XVll,
128 2403 181 2474 20,
196 2395 273 2462 sed
293 2413 362 2459 sune
385 2413 413 2460 et
430 2423 549 2480 propa·
591 2400 648 2460 bor
665 2411 850 2481 procreetur.
887 2423 903 2459 e
930 2403 1009 2459 sicco
1037 2402 1131 2476 ligno,

24 2486 362 2558 guesosstanesrum-
376 2487 436 2546 Sed
449 2499 549 2547 trans-
592 2486 662 2564 quia
673 2495 800 2548 truncus
817 2486 958 2546 rescissus
981 2493 1035 2544 est.
1056 2481 1131 2544 Plio.

25 2569 75 2626 luca
97 2573 191 2629 nescit
219 2570 368 2647 domitari
396 2586 549 2654 pavetque
590 2571 683 2647 xvn,
701 2577 761 2636 s.9
784 2572 864 2634 inter
881 2590 989 2650 genera
1009 2569 1132 2628 sationis

25 2659 178 2715 revelarem.
204 2657 241 2715 cs.
262 2656 376 2726 Colum.
390 2658 440 2734 lv,
454 2663 504 2736 88,
517 2658 547 2724 4.
590 2656 747 2717 arborum:
789 2670 817 2717 ee
850 2667 982 2715 consecto
1020 2653 1133 2712 meere

55 2744 99 2806 28·
120 2745 173 2806 29.
202 2741 255 2801 Est
278 2741 338 2802 hoc
360 2744 483 2803 sationis
495 2765 549 2825 ge·
590 2755 702 2802 anucco.
746 2743 837 2803 Plura
857 2743 890 2801 in
916 2757 1034 2800 omnem
1053 2737 1133 2798 hauc

25 2845 80 2902 nus,
101 2849 172 2888 mm
191 2847 230 2887 ex
249 2847 365 2888 summa
377 2831 485 2890 arbore
496 2851 549 2890 re·
589 2847 655 2888 rem
674 2837 747 2888 sunt
767 2849 813 2909 ep.
838 2827 913 2888 Plin.
933 2825 1132 2901 xv11,s.27.

25 2912 96 2970 aisse
109 2915 260 2993 virgssen
273 2915 371 2990 talea,
393 2925 549 2996 tamquam
592 2917 644 2978 28.
666 2919 717 2979 29.
766 2913 919 2974 Laudatus
952 2911 1011 2972 iem
1036 2919 1082 2970 est
1115 2929 1133 2968 a

23 3001 152 3075 mulus,
165 3001 271 3060 scrobe
283 3001 364 3060 facto
378 3002 410 3060 in
423 3001 550 3062 humum
593 2999 691 3059 Cerda
701 2999 852 3081 Theophr.
865 2995 1132 3071 Hut.1²lant.11,1.

23 3083 157 3162 defigitur.
209 3090 261 3151 29.
288 3087 433 3165 reserens,
472 3089 550 3167 qnia,
594 3095 625 3145 et
643 3091 673 3151 7.
715 3085 762 3146 Ab
780 3088 832 3147 illo
850 3087 945 3146 altero
960 3083 1051 3145 modo
1067 3101 1132 3162 sup.

23 3181 133 3230 nounte
147 3171 289 3250 lieiskio,
311 3174 371 3232 iam
386 3181 454 3233 ante
469 3175 552 3234 illinc
593 3169 645 3236 24.
657 3173 699 3238 25
719 3184 885 3233 memorato
901 3171 951 3232 hic
966 3173 1010 3232 ita
1023 3171 1133 3244 differt,

22 3267 130 3316 anatum
158 3258 268 3318 fuerat.
325 3257 389 3318 Nisi
429 3261 550 3320 omnino
593 3266 631 3317 ut
650 3258 772 3320 insessio
792 3259 846 3319 liat
863 3259 979 3319 truncis
1000 3275 1134 3318 cumra-

22 3353 113 3402 ornate
142 3343 260 3403 dictum
287 3345 473 3424 putandume
503 3369 552 3406 re-
595 3343 723 3422 dicibus3
744 3346 867 3424 quintus
881 3343 1061 3418 hicmodue‚
1082 3359 1134 3399 re-

16 3426 103 3498 ferem
116 3430 246 3488 mandat
255 3450 314 3509 pro
329 3431 553 3510 simplicium-
595 3430 683 3490 sectis
696 3431 854 3492 radicibus.
877 3431 905 3513 (e
918 3433 997 3490 sicco
1011 3427 1085 3507 quid
1094 3426 1135 3484 sit

21 3513 71 3572 dal.
101 3515 180 3574 Nam
200 3515 272 3589 sert,
315 3515 429 3594 desert,
466 3517 555 3596 refert
595 3513 627 3574 h.
644 3517 681 3593 l.,
709 3517 874 3597 quaeritur.
925 3515 1036 3576 Siocior
1064 3531 1134 3592 pers

21 3596 83 3658 dlnd
93 3621 256 3676 caemnen,
278 3603 402 3679 taleam,
423 3603 456 3662 in
469 3603 555 3662 illum
596 3602 712 3663 arboris
726 3613 919 3678 succurrens,
933 3617 1134 3661 successere-

21 3681 116 3745 locnm.
145 3683 302 3767 (putator,
330 3688 382 3766 qui
403 3687 443 3747 ad
463 3689 555 3748 arbo-
597 3687 676 3748 dices
693 3685 1061 3768 etsummaparmboris,
1082 3703 1134 3741 re-

22 3770 252 3850 amputandam
266 3775 388 3849 exierat,
402 3775 555 3834 referre
595 3775 670 3834 muli
692 3796 727 3834 ec
745 3774 877 3836 frondes.
922 3773 1000 3853 Apte
1013 3768 1135 3831 Vossius

22 3857 164 3918 cuculum
178 3859 301 3938 proprie
312 3860 433 3936 dicitur,
448 3869 485 3920 ut
497 3879 555 3920 re-
596 3871 751 3941 comperat
764 3859 876 3922 Pellad.
890 3857 944 3934 xl,
958 3858 1003 3923 6.:
1031 3853 1135 3931 ‚redi-

22 3953 170 4016 portare
190 3943 214 4019 1,
227 3945 300 4010 275.
326 3943 438 4026 Wch.)
596 3947 763 4007 mdaenon
786 3947 826 4006 ad
845 3963 994 4006 siccum
1025 3941 1136 4000 debent

57 4031 104 4091 50.
133 4031 187 4093 81.
217 4029 386 4090 Nonnullae
415 4029 553 4108 arbores,
595 4031 704 4092 recidi:
717 4065 762 4078 -
779 4065 824 4082 -
842 4029 1009 4092 recidemus
1029 4027 1136 4087 relicto

23 4119 45 4166 d
62 4112 139 4173 inter
159 4111 217 4172 hee
245 4115 381 4195 inprimis
402 4117 483 4193 olen,
511 4118 555 4177 ita
597 4117 682 4198 digiti
694 4117 818 4198 spatio.“
846 4115 929 4177 Idem
942 4125 1043 4174 lamen
1051 4113 1136 4174 Voss.

23 4207 225 4274 procreantem,
248 4213 280 4258 ue
297 4203 414 4261 caudex
432 4221 485 4262 seu
498 4203 555 4262 eti·
594 4203 701 4264 laudat
728 4203 803 4262 Plin.
828 4201 867 4262 H.
893 4201 929 4261 N.
956 4201 1051 4277 XVII,
1070 4203 1136 4264 80·=

24 4297 81 4356 pes,
110 4293 229 4344 resecta
248 4285 349 4346 radice
370 4297 401 4347 et
425 4287 558 4348 abscissis
599 4287 687 4365 „Non
700 4287 858 4348 inhumare
871 4287 973 4365 taleas,
995 4296 1050 4348 aut
1064 4286 1137 4346 sic-

25 4369 116 4444 remia,
137 4368 278 4448 idemque
293 4371 436 4432 diesem
457 4374 557 4434 acfis-
600 4392 692 4433 care
726 4375 826 4452 prius,
859 4393 950 4452 quam
979 4381 1136 4446 serantrrr,

25 4468 81 4526 eus,
108 4467 205 4514 terme
223 4456 398 4534 infodiunt.
450 4459 497 4519 lta
518 4477 557 4518 ex
598 4459 703 4520 utilius
713 4461 933 4540 oompertum.“
967 4455 1137 4518 Undelsh-

25 4533 79 4612 ipeo
90 4539 294 4620 stipiteredix
306 4543 459 4622 mnne,
482 4563 557 4624 quae
598 4545 667 4606 nius
679 4544 774 4606 verba
797 4567 814 4605 e
834 4549 912 4608 ee'eeo
931 4543 962 4607 ln
981 4545 1003 4606 1.
1015 4543 1137 4626 proprie
