2634 5012
201 423 277 496 886
579 415 894 494 EXCURSUS
920 417 940 491 Ι

200 610 373 670 ocurrunt
388 605 446 666 alla
462 605 494 666 in
508 605 629 686 Virgilio
646 604 748 666 Italiae
761 605 924 686 superioris
944 607 1021 686 agris
1035 605 1148 688 propria
1159 627 1191 665 ae
1201 607 1303 686 singu-

200 695 283 756 laria.
327 693 414 753 Plinii
431 691 525 754 verba
545 693 596 752 lib.
612 693 719 769 XVIII,
733 691 775 756 18
797 713 815 750 a
828 711 874 751 me
895 691 1021 752 laudata
1034 713 1145 752 omnam
1156 693 1237 752 troile
1247 695 1303 752 ‹lu-

200 781 376 840 bitatiouem
388 778 538 854 tollerent,
560 780 585 838 si
599 779 689 838 lectio
703 779 734 837 in
748 778 783 836 iia
797 787 874 837 esset
886 778 987 838 minua
998 779 1117 838 ineerta
1156 779 1304 853 Dmtola'o,

201 867 232 927 la.
248 887 272 946 ⁰.-
291 864 425 940 dentale,
449 863 557 944 ἔλυμα,
579 865 655 924 bene
672 864 722 938 air
744 863 868 940 doctus,
896 883 985 942 quen
1006 863 1143 938 laudavi,
1159 864 1244 922 docet
1258 885 1304 922 ac-

201 951 372 1032 cipiendum
395 969 457 1008 esse
477 949 515 1010 ‹le
532 950 662 1010 vomeris
683 958 769 1030 parte
788 949 939 1010 anteriore
960 947 1174 1030 (Pfluglopl)‚
1193 950 1226 1008 in
1240 971 1304 1008 acn-

201 1058 270 1098 men
282 1047 362 1096 acta:
384 1034 444 1094 hoe
465 1035 583 1094 dentale
604 1035 723 1114 duplici
742 1054 804 1093 ease
826 1035 930 1110 dorso,
960 1034 992 1094 l1.
1005 1055 1032 1096 e.
1044 1035 1120 1094 binis
1133 1035 1264 1094 muribus
1279 1037 1304 1094 ia

202 1125 329 1184 sormam
340 1123 458 1180 litterae
470 1121 496 1182 V
511 1118 727 1204 (Sohlhi'lzem)
744 1130 879 1200 aptatum
887 1143 896 1197 3
918 1119 1004 1180 hireos
1018 1141 1106 1178 aurea
1117 1121 1248 1196 tandem,
1264 1129 1304 1176 ta-

201 1211 293 1269 bellas
307 1229 324 1266 a
335 1209 470 1268 Varrone
491 1207 514 1282 l,
527 1211 579 1282 29,
592 1211 612 1271 2
633 1215 828 1282 memoratas,
849 1207 965 1266 vomeri
978 1205 1097 1264 additas
1110 1203 1176 1288 (das
1188 1207 1306 1264 Streni-

202 1295 262 1354 baet
274 1295 338 1353 und
351 1289 551 1374 instauret),
581 1301 612 1352 et
635 1293 757 1372 utrique
777 1293 860 1352 cruri
884 1293 927 1352 ita
949 1293 1112 1372 impactas,
1133 1293 1305 1371 utimpreaso

202 1383 234 1440 in
244 1381 341 1440 solum
360 1397 481 1439 vomere
498 1389 580 1437 terra
596 1379 741 1458 proscissa
755 1378 898 1458 utrinque
915 1378 1104 1436 aocumuleta
1117 1377 1148 1435 in
1159 1378 1252 1437 sulcos
1264 1385 1305 1433 at·

202 1468 337 1527 tollatur.
380 1467 474 1524 Bima
493 1473 539 1522 est
554 1473 650 1538 temo,
678 1457 852 1544 ἰστοβοεύςς
880 1463 942 1524 scil
962 1464 1087 1546 proprie
1104 1483 1172 1542 pars
1193 1463 1253 1522 eius
1264 1463 1304 1519 in-

202 1554 288 1628 fima,
310 1561 346 1611 ut
361 1551 422 1610 iam
438 1550 560 1610 Salmas.
580 1550 612 1608 in
632 1550 723 1610 Solin.
743 1570 773 1630 p.
789 1551 851 1614 576
873 1549 985 1610 deaut.
1029 1549 1211 1630 Inspicientla
1225 1559 1252 1606 et
1263 1567 1303 1604 ro·

202 1637 370 1718 gnoscenrla
383 1645 454 1694 sunt
466 1635 595 1714 reliqua;
622 1637 712 1696 etiam
727 1635 764 1694 de
780 1645 880 1696 metro
895 1635 1061 1712 Hesiode03
1089 1635 1146 1694 nisi
1161 1634 1239 1714 quod
1252 1653 1304 1691 ma-

203 1726 256 1784 lim
275 1744 343 1784 eum
364 1722 537 1802 simpliciter
557 1722 741 1802 apposuisse,
770 1723 889 1800 qualem
907 1723 970 1780 eiua
990 1723 1120 1782 sormam
1143 1741 1176 1780 ae
1197 1721 1304 1801 speeiem

204 1809 285 1890 apud
306 1809 437 1868 animum
458 1807 627 1886 effingeret,
657 1827 714 1866 nec
740 1807 777 1866 de
798 1806 918 1888 epochis
938 1809 1143 1867 mutationum
1163 1807 1239 1868 inter
1257 1805 1304 1862 te·

203 1895 338 1974 gyptius,
360 1895 503 1969 Graecos,
526 1904 556 1952 et
569 1894 720 1954 Romanos
733 1903 797 1952 tam
808 1893 905 1956 multa
920 1912 982 1952 esse
996 1893 1172 1968 ariolatum,
1193 1912 1262 1971 quae
1275 1889 1303 1946 ul

203 1980 350 2058 liquidum
367 1978 493 2058 perduoi
509 1989 672 2058 nequeunt.
715 1979 807 2053 Quod
827 1980 907 2040 enim
921 1989 1027 2040 nostro
1041 1989 1177 2060 tempore
1197 1979 1258 2038 lieri
1268 1977 1303 2034 ri·

204 2065 321 2140 demus,
343 2085 406 2124 non
430 2064 530 2123 minus
554 2065 626 2124 olim
645 2066 746 2124 looum
762 2065 883 2140 habuit,
912 2073 948 2126 ut
968 2065 1001 2124 in
1018 2064 1146 2124 diversis
1157 2065 1266 2145 populis
1278 2082 1302 2118 aa

192 2151 372 2230 regionibus
389 2169 442 2209 seu
456 2169 541 2209 more
554 2151 703 2212 maiormn
715 2171 768 2210 seu
780 2153 836 2210 soli
848 2161 959 2210 natiue
972 2149 1068 2210 aliave
1081 2151 1250 2210 necessitate
1263 2169 1302 2206 ar-

206 2245 292 2316 gente
309 2237 427 2296 diversa
443 2246 519 2296 esset
535 2237 629 2296 aratri
643 2237 755 2313 forma,
777 2238 1018 2314 retineretauque
1030 2235 1163 2296 deterior
1180 2233 1302 2296 mursia

203 2323 290 2398 loeis,
312 2343 383 2384 cuna
397 2322 431 2382 in
450 2323 514 2384 aliis
537 2323 655 2383 dudaam
673 2323 799 2382 inventu
818 2333 850 2382 et
870 2323 1062 2400 frequentata
1081 2332 1157 2380 esset
1173 2323 1304 2382 melioret

204 2409 393 2468 elaboratior.
429 2409 569 2485 Evolvat,
591 2409 640 2468 cui
654 2409 726 2468 talia
737 2429 826 2468 marae
837 2417 918 2484 sunt,
940 2407 1080 2468 Paullum
1091 2409 1203 2468 Lucem
1220 2409 1303 2484 Vora-

202 2513 258 2573 gee
280 2493 403 2568 rant,
428 2497 543 2574 p.182·
586 2495 710 2554 Norden
735 2497 863 2574 Voyage
882 2515 920 2554 en
940 2495 1061 2574 Egypte
1080 2493 1165 2552 Tam.
1180 2495 1207 2568 l,
1220 2494 1254 2574 pl
1266 2493 1302 2554 it

206 2579 275 2638 add.
296 2581 412 2658 Goguet
429 2579 514 2656 Orig.
527 2579 579 2637 dea
591 2583 673 2640 Loris
692 2581 726 2639 T.
740 2581 762 2655 l,
775 2601 805 2660 p.
822 2578 883 2642 184
898 2599 961 2657 sqq.
1006 2582 1087 2640 Sunt
1101 2579 1239 2657 antiquae
1248 2575 1303 2634 artis

206 2685 310 2746 opera,
332 2666 365 2724 in
379 2663 485 2740 quibus
500 2675 636 2724 aramum
648 2666 774 2726 visitur:
795 2665 850 2733 vix
869 2674 969 2724 tamen
981 2665 1137 2726 notionem
1156 2672 1308 2724 aceruatim:

204 2750 276 2812 inde
294 2749 434 2826 consequi
455 2749 541 2810 licet:
563 2751 667 2810 Comes
690 2750 728 2810 de
749 2751 860 2830 Caylua
872 2751 1047 2810 Reouedd'
1058 2751 1229 2830 Aratiqua'tts
1240 2751 1302 2808 Tan·

205 2837 241 2910 V,
251 2837 291 2916 pl.
305 2839 355 2900 82.
369 2835 505 2894 Museum
514 2837 674 2896 Etruscum
687 2839 771 2898 Tora.
780 2837 803 2913 l,
812 2837 874 2896 tab.
887 2846 966 2896 extr.
979 2837 1072 2918 Spon.
1084 2837 1206 2896 Miscell.
1217 2835 1300 2917 plot

205 2921 259 2982 IX.
271 2921 445 2982 Winukelm.
461 2923 692 2983 Monumiaacl.
707 2924 820 3002 p.105.
865 2923 1006 2982 Geminae
1024 2933 1179 2996 aratrum,
1202 2924 1300 2982 obscure

206 3015 320 3081 maren,
342 3007 502 3066 reserentes
514 3017 587 3068 sunt
598 3007 675 3068 Mus.
690 3009 771 3068 Flor.
785 3009 918 3084 Tornll,
933 3009 995 3067 tab.
1004 3007 1057 3072 42.
1080 3009 1201 3068 Gorlaei
1214 3009 1300 3080 llant-

205 3091 291 3152 lioth.
313 3093 397 3152 Tora.
417 3093 452 3168 ss,
469 3113 498 3151 n.
514 3097 587 3157 231.
630 3093 791 3170 Aratrum,
819 3093 954 3171 quadiu
975 3094 1100 3154 Hesiodi
1120 3095 1188 3154 eda
1204 3115 1241 3152 ex
1256 3093 1306 3159 eati

207 3176 294 3236 codd.
317 3177 491 3254 exhibetur,
519 3189 550 3238 et
567 3179 600 3238 in
617 3179 781 3240 Montsauo.
799 3179 932 3258 Palaeog.
952 3201 996 3258 gr.
1008 3185 1073 3259 p.9
1095 3181 1251 3260 repetitum
1262 3183 1300 3243 ⁶⁵¹2

206 3262 324 3322 serioris
343 3283 396 3322 seu
415 3265 576 3324 commenti
600 3285 654 3325 aea
673 3286 745 3326 usus
767 3284 829 3324 ease
848 3275 950 3346 patet,
974 3285 1046 3326 uam
1065 3267 1104 3326 ab
1123 3265 1247 3328 Hesiodo
1260 3259 1300 3318 ad·

207 3349 352 3428 scriptum
373 3367 459 3408 nemo
484 3349 605 3410 dixerit.
648 3351 789 3410 Formam
813 3351 921 3427 aratri,
944 3371 1004 3429 quo
1025 3349 1300 3412 nuncttmtuinite

205 3435 314 3494 Veneti
332 3435 476 3512 agricolae
498 3445 648 3511 utuntur,
676 3459 739 3498 una
761 3459 830 3498 oum
849 3439 908 3498 alio
928 3435 1132 3516 exquisitioris
1146 3447 1297 3501 structum

206 3521 327 3600 Martyn
343 3520 470 3599 exprimi
483 3523 602 3582 curavit
618 3521 657 3580 ad
672 3543 701 3602 p.
713 3523 764 3586 48.
809 3525 919 3584 Verum
936 3533 1046 3582 neutra
1057 3525 1157 3585 sorana
1171 3543 1236 3584 uana
1248 3519 1297 3578 lit·

206 3605 320 3686 gilienis
341 3605 440 3666 verbis
458 3607 529 3668 satia
550 3607 699 3668 convenit.
747 3607 915 3670 Videbatur
938 3608 995 3668 sibi
1016 3609 1147 3689 tnglus,
1169 3609 1206 3670 Δ,
1223 3609 1240 3666 l.
1261 3608 1296 3660 (tu

210 3693 354 3751 θαπίενεε
370 3687 404 3772 (a
416 3693 616 3754 Dissertateon
631 3716 670 3754 on
686 3697 720 3756 V
717 3696 814 3773 argele
828 3696 1006 3774 description
1015 3695 1057 3775 os
1064 3695 1116 3756 tlte
1129 3699 1240 3756 narrent
1251 3691 1295 3746 Rt·

207 3799 281 3836 neon
299 3773 421 3853 Plougtl
442 3779 481 3839 17
483 3777 546 3860 88.)
571 3799 675 3840 rerem
693 3781 786 3840 aratu
804 3781 958 3862 virgiliani
978 3781 1109 3841 formam
1136 3771 1301 3862 reperierit

207 3861 340 3943 pondere
352 3863 498 3922 Romano.
541 3864 652 3926 Verum
671 3866 723 3945 qui
734 3865 912 3948 inspexerit,
933 3867 1035 3926 atatim
1051 3855 1294 3950 deprehenderat

207 3969 276 4008 rum
299 3967 447 4021 errorem,
477 3959 522 4008 est
543 3949 623 4010 enim
642 3973 674 4010 aa
696 3955 850 4014 Romanus
870 3973 938 4014 cum
956 3973 1050 4033 prora
1062 3954 1153 4029 ratis,
1173 3939 1295 4030 quanli·

208 4053 262 4111 pro
277 4043 379 4092 aratro
391 4032 508 4096 habuit.
551 4032 700 4116 (Innotuit
721 4039 796 4099 mihi
815 4041 894 4099 inter
909 4059 973 4114 eoa,
996 4038 1049 4118 qai
1064 4040 1152 4098 abeo
1163 4037 1230 4098 inde
1239 4043 1293 4092 ten-

207 4137 281 4196 pore
300 4117 338 4176 de
358 4117 406 4178 his
426 4138 523 4198 egere,
552 4121 693 4180 Adamas
712 4125 849 4184 Diokaon
861 4123 1047 4204 Hntanoy
1066 4127 1109 4204 os
1120 4125 1169 4184 the
1181 4121 1292 4182 Μ

208 4201 328 4260 fflt'mb·
348 4207 438 4268 1788.
452 4225 477 4265 o.
495 4205 603 4282 XVIII,
623 4227 653 4285 p.
668 4208 730 4271 375
746 4229 810 4288 eqq.
830 4210 882 4289 qui
897 4211 1019 4269 omnino
1034 4209 1074 4268 ad
1096 4227 1209 4270 ennaea
1222 4205 1279 4264 Gra

207 4287 341 4366 gicorum
354 4291 468 4350 consuli
480 4301 586 4370 potest„
629 4292 742 4352 Verum
763 4296 832 4370 ille,
854 4295 911 4354 etsi
929 4295 1093 4356 verborum
1109 4297 1243 4373 inter-pm
1251 4302 1290 4364 ΡΙ·

207 4391 278 4429 rum
295 4371 439 4448 idoneus,
467 4377 545 4454 ipsas
564 4397 613 4440 rea
633 4377 780 4456 illustrat,
810 4389 1094 4461 maeoeptommque
1116 4381 1254 4440 variata
1268 4371 1286 4420 ²¹

208 4455 369 4514 utilitatem
391 4461 545 4540 explorat;
572 4463 656 4542 atqui
675 4462 750 4522 haec
771 4465 811 4526 ad
832 4463 1004 4546 interpretis
1021 4457 1286 4550 pampinatione
