2660 5002
229 389 529 468 BUCOLICA
554 392 673 470 ECL.
697 394 761 486 Vl,
792 401 902 475 1-2
1046 407 1118 478 169

106 579 227 640 (ictuum
240 581 320 642 Varo
333 582 512 662 inscriptum
530 591 576 642 est
589 602 722 644 carmen:
745 584 853 663 dequo
870 586 1067 648 villimara.
1079 593 1118 650 ad

37 663 163 724 banchl
200 667 340 728 Fabulam
364 669 402 727 tle
421 669 546 727 recitata
560 667 617 728 bac
634 669 742 748 Ecloga
762 691 779 726 a
799 669 959 748 Cytheride
980 675 1067 734 misna
1087 687 1118 736 et

37 749 160 808 uiarum
169 753 347 814 exultatione
362 753 425 815 vid.
439 753 471 812 in
484 753 704 814 Pseudodonati
717 755 786 814 vita
796 754 875 836 Virg.
892 777 916 816 a.
929 757 978 822 11.

33 1066 162 1194 prima
176 1123 377 1222 Syracosio
396 1121 550 1222 dignata
565 1137 624 1200 est
636 1121 776 1200 ludere
793 1149 911 1202 versu

32 1241 163 1338 Nostra,
188 1269 320 1348 neque
340 1244 497 1322 erubuit
513 1243 625 1320 silvas
647 1243 839 1352 habitare,
867 1245 1012 1327 Thalia.

56 1433 223 1498 lSyrscoss’o.
258 1435 297 1485 lta
317 1435 446 1487 Romanus
459 1435 547 1488 Pierii.
583 1429 762 1500 Συρακόσιον
775 1425 858 1509 ᾆσμα.
893 1437 1117 1508 VulgoSyrncu-

31 1503 70 1560 c'o,
84 1502 210 1554 mendose:
228 1503 302 1572 quod
319 1503 369 1556 ium
381 1505 535 1558 Benedictus
551 1504 658 1557 monuit.
694 1508 831 1573 Syracuse
846 1507 942 1558 Mureti
960 1508 1040 1570 alter,
1056 1510 1116 1558 Me-

28 1576 74 1634 ng
90 1570 179 1624 alteret
190 1574 312 1624 Pari-bas.
349 1573 524 1642 (Συρακόσαι
537 1575 590 1625 enti
611 1573 708 1626 nissimi
720 1575 812 1626 Gracci
823 1575 965 1645 scriptores
979 1588 1005 1628 et
1017 1575 1116 1628 vinctae

31 1637 141 1690 ciminum
153 1641 289 1693 orationis.
307 1593 721 1708 vid.1soeckh.sd1’ini.01.vt‚
735 1645 759 1698 6.
796 1647 957 1713 Syracosio,
975 1647 1044 1728 quod
1058 1663 1116 1698 nse-

31 1715 79 1756 tuun
91 1719 115 1758 ct
127 1728 184 1762 usus
196 1723 334 1780 poctarum
346 1714 469 1782 requirit,
488 1713 564 1766 ctiam
582 1712 712 1765 inservio
728 1731 757 1764 se
773 1713 901 1766 invenisse
916 1715 953 1766 ait
963 1717 1031 1768 Pser.
1061 1718 1116 1768 Eu-

29 1775 157 1831 denfonna
173 1781 199 1831 in
212 1781 333 1832 Palatino
350 1783 451 1835 visitur.
472 1783 543 1850 Wr.)
611 1785 629 1836 2
646 1801 734 1853 neque
749 1801 764 1834 e
780 1783 883 1853 scriptia
895 1783 1015 1854 reposuit
1026 1785 1115 1838 Heius.

30 1859 65 1908 pn
78 1865 129 1899 nec.
160 1851 239 1902 silvis
252 1851 330 1902 llosn.
344 1853 431 1904 Pierii.
450 1855 519 1906 conf.
534 1850 624 1905 Heius.

61 2011 83 2066 1.
101 2007 415 2085 Symcmio-vsreu,
439 2007 539 2068 Theo-
579 2007 672 2083 libus,
692 2007 799 2085 quibus
817 2008 996 2070 interfuerat
1010 2010 1116 2088 Varus,

29 2089 326 2168 otto.v.Eet.1V,1.
369 2097 475 2154 Prima
489 2096 539 2154 in·
580 2091 853 2172 suppeditantibm5
874 2115 918 2154 vs.
931 2101 1034 2160 6-7.
1077 2097 1116 2157 As

28 2177 140 2254 olligens
162 2180 273 2258 vulgo:
306 2181 496 2256 ellomanis3
524 2199 540 2238 e
580 2187 682 2258 poete,
713 2179 794 2258 spico
820 2181 943 2240 carmini
960 2182 1116 2242 scribendo

29 2263 111 2338 qubus
123 2283 152 2322 se
173 2266 305 2344 primum
324 2265 363 2323 ad
375 2276 465 2325 tenue
482 2265 541 2324 hoc
580 2265 723 2342 imperem
743 2285 773 2322 se
797 2283 858 2322 esse
881 2275 981 2341 ratiis,
1008 2268 1042 2326 id
1061 2269 1118 2354 sibi

28 2350 243 2430 urminisgenus
252 2351 437 2410 descendisse
449 2351 541 2430 signi-
581 2349 756 2408 sectandum
775 2350 940 2424 existimat,
978 2352 1017 2410 ad
1036 2355 1118 2430 quod

30 2433 86 2494 ieet
110 2437 160 2494 Ge.
179 2436 217 2511 ll,
236 2437 298 2501 175
320 2435 374 2494 ubi
395 2459 441 2496 rea
459 2440 541 2495 aisti-
581 2443 691 2504 nntura
707 2435 804 2492 sactus
827 2435 882 2492 sibi
897 2434 1037 2496 videatur
1044 2460 1052 2512 3
1073 2459 1117 2499 vs.

29 2541 86 2596 quae
102 2521 200 2580 laudis
229 2533 258 2580 et
282 2525 355 2580 ortis
372 2523 538 2602 Ingrediar,
583 2524 627 2584 9.:
648 2519 745 2594 „Non
762 2521 996 2578 ismiacmwf‘
1020 2523 1118 2600 Atque

31 2625 120 2665 nactos
139 2629 234 2666 ausus
257 2607 404 2666 metuere
422 2609 538 2687 sontes,
581 2603 641 2664 boc
665 2623 783 2681 quoque
801 2604 862 2662 talc
885 2623 961 2679 ease,
995 2607 1043 2666 cui
1060 2629 1118 2667 no-

29 2693 225 2772 ,timeumque
239 2713 315 2750 cano
333 2693 474 2752 Romana
487 2715 544 2770 per
582 2689 729 2750 menVari
742 2687 896 2748 commode
907 2689 1003 2750 intexi
1010 2693 1118 2771 possit3

29 2779 118 2852 oppsilo
138 2799 271 2836 omn.
315 2778 362 2838 lta
379 2781 542 2860 accipiebat
582 2797 625 2834 va.
642 2779 670 2839 9.
686 2795 749 2853 sqq.
793 2775 838 2834 lta
851 2775 971 2834 demum
986 2787 1117 2858 apparet,

29 2881 121 2940 quoque
138 2863 251 2944 Pupius
278 2865 429 2924 Pastoral.
451 2866 473 2926 l.
494 2885 542 2945 pr.
583 2881 726 2939 quorsum
751 2870 865 2940 spectet
889 2861 966 2921 illud
990 2865 1119 2943 dignata

28 2943 108 3008 llclius
122 2949 158 3010 tle
176 2959 276 3008 aetate
296 2951 437 3030 accipias,
460 2950 542 3030 quod
583 2959 680 3004 estve.
702 2951 729 3008 1.
752 2955 782 3004 et
797 2945 910 3006 emhuit
923 2967 967 3006 vs.
981 2953 1027 3026 2.;
1048 2971 1119 3009 nam

30 3031 248 3096 inadolesccntia
262 3035 296 3094 iis
316 3037 495 3096 carminibus
511 3055 542 3094 se
583 3032 723 3092 nonsatis
737 3033 858 3110 dignum
872 3032 1039 3094 bucolicum
1050 3057 1118 3096 car-

31 3117 142 3198 blunt,
173 3142 238 3182 non
268 3121 372 3200 epicis,
408 3143 452 3182 vs.
476 3126 505 3196 3,
525 3143 542 3178 a
583 3136 651 3174 men
664 3116 777 3195 Virgilii
794 3118 910 3196 ingenio
932 3119 1118 3182 Varusiudi-

30 3205 113 3278 gustu,
136 3206 303 3268 „vocabat
333 3225 401 3266 eum
426 3207 543 3287 Apollo,
584 3211 714 3261 caverat.
755 3203 818 3262 lam
834 3203 946 3264 nemini
960 3207 1119 3268 obscumm

32 3287 149 3352 ibioresn
168 3293 400 3370 explicationem
411 3293 542 3372 probunt
584 3305 644 3344 esse
672 3297 787 3366 potest,
822 3309 930 3368 parum
958 3301 1027 3371 apto
1052 3315 1118 3354 voc.

32 3371 91 3436 Voss.
102 3389 131 3437 ct
142 3375 260 3458 Spobn.
302 3379 412 3436 Totum
423 3378 543 3438 carmi·
579 3375 683 3451 prs'ma
701 3393 745 3432 vs.
759 3379 787 3436 1.
808 3375 848 3434 ad
867 3375 953 3434 initia
968 3378 1119 3437 bucolicus

32 3463 62 3516 n's
75 3465 229 3524 exordium
249 3463 273 3520 si
299 3472 427 3543 spectes,
456 3464 542 3524 facile
583 3458 679 3537 poesis
706 3459 786 3518 inter
818 3461 968 3520 Romanoa
999 3463 1119 3539 relsrri3

33 3543 160 3628 intelliges,
195 3549 346 3627 scriptione
374 3547 450 3608 baec
469 3569 543 3630 poe-
585 3561 706 3620 eamque
721 3565 782 3602 esso
798 3555 904 3625 poetae
920 3557 1064 3622 mentem,
1083 3557 1120 3608 ut

35 3639 90 3706 bn,
105 3645 139 3694 ut
158 3634 342 3694 tenuitatem
359 3655 543 3694 suam-va.
585 3629 681 3702 dicat,
715 3639 825 3690 natura
850 3631 914 3710 ipsa
935 3632 1063 3692 ducenta
1081 3633 1120 3692 ad

35 3717 114 3784 1-5
129 3753 172 3766 -
196 3720 278 3778 Varo
301 3729 465 3780 excusaret„
508 3719 544 3778 Id
586 3733 705 3772 cumen
736 3716 903 3776 bucolicum
925 3737 956 3774 se
989 3717 1120 3798 primum

36 3817 101 3874 quare
111 3805 171 3882 liat,
194 3805 250 3864 vix
266 3806 378 3884 potesis
389 3813 544 3885 exputare,
587 3801 776 3892 applicuisse,
804 3811 849 3877 et,
880 3821 972 3880 quum
996 3803 1036 3861 ad
1057 3805 1120 3883 cpi-

38 3885 76 3944 uu
90 3900 212 3964 statues,
240 3889 278 3948 ad
301 3891 455 3950 sublimius
477 3911 545 3950 car-
587 3907 655 3946 eum
676 3888 803 3946 transire
822 3897 947 3947 conatus
965 3891 1018 3963 sit,
1035 3889 1120 3948 -si

36 3971 227 4056 “tuumgmus
237 3985 356 4056 poetam
371 3975 474 4035 aVero
488 3974 546 4035 vo'-
586 3971 676 4032 modo
692 3981 758 4032 tum
773 3983 896 4033 conatus
908 3983 968 4050 est5
999 3995 1068 4034 nam
1081 3976 1120 4034 li-

36 4067 110 4119 tatum
128 4081 197 4121 esse.
240 4060 285 4120 Ac
300 4063 423 4122 videtin
440 4061 546 4137 Varus,
587 4058 650 4118 cuit
676 4056 734 4118 boc
762 4057 872 4136 fingere
888 4069 1120 4122 —revocatum

37 4143 119 4224 quippe
133 4148 246 4208 leuiore
258 4147 387 4208 bucolici
408 4147 546 4206 carminis
588 4163 649 4204 esse
670 4145 708 4202 ab
734 4141 891 4223 Apolline,
924 4155 1009 4204 ct-
1026 4167 1070 4206 vs.
1092 4151 1121 4212 6.

35 4243 256 4302 ugunmtonon
269 4235 340 4294 satis
353 4233 548 4294 conveniente
588 4231 723 4306 „Nunc
751 4249 802 4308 ego
810 4231 828 4262 “
841 4263 885 4274 -
913 4229 952 4290 ad
979 4242 1122 4310 agrestem

36 4319 102 4373 tanto
125 4319 263 4398 ingenio,
290 4329 396 4380 auctor
424 4319 547 4398 Virgilio
588 4317 703 4377 Musam
715 4315 833 4376 redisse.
858 4313 940 4398 Wr.)
983 4320 1013 4380 2.
1030 4319 1122 4376 silvas

36 4401 167 4478 tranans,
178 4413 215 4464 ut
225 4405 341 4485 epicum
352 4413 546 4464 carmenten-
588 4402 741 4475 lsabs'tare,
770 4397 810 4457 ad
835 4419 926 4478 genus
954 4399 1122 4462 bucolicum

38 4489 107 4560 imi,
124 4487 454 4571 materhmipsisbellis
473 4487 548 4549 civi-
588 4489 726 4548 rasertur.
748 4505 780 4545 v.
799 4484 838 4544 ad
849 4485 964 4546 EcllV
973 4506 1018 4566 pr.
1038 4487 1121 4545 tna-
