2660 5002
206 401 510 482 nucomca
535 367 657 483 nou.
684 403 767 504 vn,
795 411 956 485 ειν-εν
1070 413 1143 489 195

50 614 75 668 r.
97 590 225 664 Sinum
240 589 366 688 lactis,
394 591 546 668 ethaeo
562 604 601 666 te
618 591 708 690 liba,
729 587 887 694 Priap'e,
916 597 1142 697 quotannis

24 745 25 750 ,
49 697 255 792 Enpectare
270 708 328 769 sat
346 709 421 773 est:
450 709 580 772 custos
597 719 638 770 es
650 698 835 796 pauperis
852 696 969 776 horti.

48 801 138 872 b'unc
152 810 188 871 te
201 821 477 874 marmoreum
492 826 567 902 pro
577 812 762 900 ternpore
777 797 963 894 fecimus3
978 815 1016 878 at
1030 807 1143 902 tuae

49 901 78 972 si
92 898 207 976 fetura
222 924 387 1000 gregem
406 903 669 1005 suppleverit,
698 927 839 978 aureus
856 919 952 982 esto.
1061 937 1063 942 ·

86 1025 112 1080 c.
135 1006 279 1080 Nerine
296 1005 477 1106 Galatea,
504 1007 642 1106 thymo
660 1005 760 1082 mihi
779 1007 935 1084 dulcior
947 1008 1110 1107 Hyblae,

70 1225 98 1280 83
111 1225 174 1278 haee
185 1227 236 1281 eibi
247 1227 305 1282 liba
317 1229 392 1282 multi
405 1231 476 1299 apud
491 1231 581 1284 Heius.
596 1241 623 1282 et
638 1232 722 1282 burm.
739 1247 796 1281 cum
811 1230 892 1283 Goth.
905 1247 960 1300 pn,
979 1233 1049 1301 quod
1062 1233 1144 1302 magia

48 1295 130 1362 vulgare
144 1309 219 1350 earet.
256 1302 300 1367 (At
313 1299 384 1352 aliud
398 1311 450 1352 eat:
470 1299 519 1353 etti
532 1315 576 1353 rot
588 1313 637 1362 eet,
653 1299 723 1351 aliud
737 1312 782 1350 sot
796 1312 838 1351 eet
852 1313 880 1351 te
893 1315 1061 1384 exspectem
1079 1303 1145 1354 illud

48 1381 69 1414 er
79 1364 168 1434 Priapi,
191 1367 243 1421 boc
258 1387 291 1421 ex
305 1369 436 1440 loquentia
449 1388 564 1438 perrona
577 1369 688 1432 dictum
712 1369 791 1438 idque
804 1369 888 1420 eolum
900 1371 959 1424 burc
971 1371 1031 1423 loco
1047 1389 1145 1424 eonve-

47 1433 80 1484 rit.
97 1437 159 1504 Wr.)
234 1440 273 1494 35
291 1453 319 1490 er
337 1452 369 1490 tu
382 1441 506 1492 liotteud.
544 1459 577 1492 ae
595 1452 627 1490 tu
644 1441 749 1508 Menag.
823 1441 859 1496 86
874 1459 974 1511 greges
992 1441 1073 1493 Goth.
1093 1460 1145 1496 aee.

46 1503 154 1556 ttit'unc
167 1507 306 1560 Galatltea
321 1509 405 1562 thimo
421 1539 454 1548 -
473 1509 540 1562 uu'ltr'
550 1509 686 1574 Perrhae,
710 1517 803 1577 aperta
819 1509 992 1562 aberratione.
1028 1511 1145 1564 Nerine:

47 1575 210 1646 erbetum,
227 1596 244 1630 a
258 1578 375 1648 Νηοιΐς.
410 1579 483 1632 Aliee
497 1589 538 1631 eet
555 1580 705 1650 Νηρηίνη,
725 1597 740 1632 ι
757 1577 881 1649 Nepete.

46 1761 193 1828 Aeneidem:
220 1771 471 1851 Mamaereueque
493 1771 557 1848 titt,
601 1770 709 1850 Priapo
728 1767 901 1849 promittere
919 1771 1058 1852 Virgilius
1075 1773 1147 1834 facit

46 1851 102 1926 dea,
127 1855 346 1914 vmrbolorihue
363 1858 424 1916 alie
442 1861 482 1918 In
493 1881 560 1917 πιο-
603 1857 641 1916 de
654 1855 811 1930 industria,
833 1864 871 1916 ut
882 1857 958 1916 vidit
971 1868 1056 1918 acute
1069 1860 1146 1920 Vot-

45 1940 280 2016 nmpt'etaetabit
297 1942 557 2021 mptum.
604 1942 680 2018 eius,
708 1940 770 2000 vid.
792 1941 880 2024 etiam
900 1943 938 2017 Q.
960 1943 995 2004 V.
1014 1945 1091 2020 XX,
1117 1949 1146 2009 3.

47 2021 189 2100 Collum,
221 2027 308 2106 quod
330 2028 562 2089 caloeamentum
605 2026 742 2087 Ceterum
755 2026 849 2108 Asper
860 2027 893 2088 in
907 2028 1146 2090 scholiieatttaio

46 2111 204 2170 erritorium
217 2123 278 2188 est,
300 2113 394 2172 Diana
413 2115 474 2175 sere
488 2136 563 2175 con·
606 2113 708 2173 editis:
723 2114 848 2190 „Sinum
863 2122 907 2172 est
919 2137 973 2174 vas
985 2117 1145 2192 vinarium,

47 2194 122 2272 spicea
134 2197 163 2256 in
175 2198 265 2278 signia
284 2208 314 2258 et
326 2201 456 2278 gemmis.
478 2205 564 2262 evio-
605 2209 640 2259 ut
669 2199 771 2258 Cicero
797 2199 954 2278 significat,
992 2223 1069 2278 non,
1110 2211 1147 2262 ut

47 2292 81 2336 eto
92 2292 179 2360 poteat
190 2303 272 2366 eree,
297 2305 313 2342 a
327 2285 404 2365 pede
418 2286 456 2346 ad
479 2307 564 2346 aurae
606 2285 741 2363 quidam,
760 2285 1026 2345 lactarium.—-—
1042 2289 1147 2347 Sinum

47 2383 130 2443 tuque,
140 2369 194 2428 nisi
208 2380 253 2428 eet
268 2370 440 2450 simpliciter
447 2373 563 2432 vineta:
605 2389 674 2449 ergo
693 2391 747 2431 ree
760 2372 897 2450 petulum
907 2417 913 2430 .
924 2416 947 2431 ..
961 2389 977 2430 e
993 2373 1074 2432 einue
1089 2393 1147 2434 vo·

48 2451 141 2512 utlen.
157 2455 180 2530 l,
194 2459 259 2522 837
276 2457 488 2539 Purpureoque
503 2459 564 2516 alte
606 2455 738 2516 citatum.
746 2459 765 2490 “
794 2475 832 2516 on
850 2459 973 2534 proprie
994 2461 1077 2516 einue
1096 2459 1147 2518 eat

49 2559 110 2596 turer
133 2545 239 2600 turciae
266 2541 418 2604 corteno.
462 2543 563 2604 Livius
605 2543 654 2601 sie
681 2545 764 2600 sinus
792 2539 874 2620 opud
898 2540 1000 2600 Attum
1023 2542 1056 2602 in
1080 2543 1146 2604 iisd.

49 2619 208 2688 utrumme
228 2628 263 2688 in
284 2627 375 2687 Inone
397 2629 479 2709 apud
503 2631 564 2689 Ta-
605 2627 730 2686 Seboliie
753 2626 920 2686 laudatum.
952 2625 1045 2707 Wr.)
1096 2626 1146 2692 84.

48 2710 147 2770 rtatian.
168 2711 267 2772 Maur.
291 2713 328 2772 de
347 2713 464 2775 Metrie:
492 2719 564 2776 lam
604 2713 688 2772 Idem
709 2713 792 2771 color
812 2713 844 2771 in
864 2711 928 2771 Tib.
952 2711 982 2788 1,
1007 2716 1146 2792 1,19sq.

49 2801 565 2964 tttttt‘t‘ttlttttl‘ttt
607 2801 720 2944 iiii-i
736 2796 906 2962 ”litt
926 2806 1148 2962 ttttt‘fffflt

49 2965 189 3028 rtllianam
211 2971 263 3030 illa
285 2971 444 3054 imitetur).
472 2971 565 3032 atate
607 2979 726 3048 tempus
750 2977 845 3028 atrae
864 2969 1000 3046 ferebat,
1029 2969 1061 3032 ln
1086 2974 1147 3033 τῶν

49 3065 94 3108 vox
110 3055 258 3115 sollennia:
289 3057 344 3116 tibi
356 3067 452 3118 statue
468 3078 566 3138 pone-
607 3053 783 3136 παρόντων,
812 3049 961 3131 ἐνόντων,
989 3051 1147 3136 ὑπαρχόν-

50 3141 95 3194 ttr:
120 3143 262 3220 expressit
282 3142 382 3202 locum
399 3143 482 3203 hune
496 3147 566 3203 Sta·
606 3163 677 3204 των.
721 3143 771 3204 86.
793 3139 823 3200 h.
845 3141 869 3200 ei
890 3139 970 3200 bone
986 3142 1088 3202 ovium
1102 3143 1148 3202 se-

50 3219 92 3278 tiu
103 3223 125 3282 11
137 3223 228 3287 Theb.
241 3231 306 3293 725
320 3247 382 3308 eqq.
406 3227 489 3310 (tota,
503 3249 566 3290 non
608 3235 680 3288 tura
695 3226 794 3287 suerit.

51 3299 272 3374 lemmatum.
299 3313 398 3398 roe.)
651 3315 701 3377 87.
729 3313 842 3370 Nerine
871 3311 1012 3373 Galatea.
1061 3311 1149 3370 Nerei

81 3395 113 3456 38
126 3430 157 3440 -
167 3403 217 3464 36.
239 3399 338 3458 Etiam
354 3399 428 3476 hoe,
446 3409 483 3460 ut
492 3399 565 3476 dixi,
609 3407 640 3457 et
650 3395 769 3457 Doridis
782 3399 842 3458 lilia
857 3397 924 3473 suit,
946 3396 1084 3478 Nympha
1097 3397 1147 3455 illa

53 3477 200 3555 tpigrorum
223 3493 285 3560 eet,
306 3485 406 3566 Priapi
420 3485 503 3566 tigno
519 3485 565 3544 af·
607 3484 722 3543 marina
750 3481 971 3562 aPolyphemo
999 3483 1147 3556 adamata,

54 3559 137 3642 llum,
158 3579 194 3630 ut
206 3569 363 3632 innmnera
379 3572 452 3648 alia;
473 3571 565 3649 idque
607 3589 698 3648 quem
709 3579 809 3629 tamen
821 3569 871 3628 hic
882 3569 1033 3648 Corydon,
1047 3567 1148 3646 'Nym-

54 3657 133 3711 tttom
148 3655 173 3714 ei
189 3657 315 3718 sactum.
358 3659 481 3739 Signum
501 3659 566 3716 eiua
608 3654 701 3734 pbam
727 3665 846 3734 pastor,
880 3663 1033 3730 tamqnam
1063 3671 1148 3710 auem

57 3743 123 3796 δῖα
135 3761 282 3804 marmore
306 3739 390 3824 (eane
409 3763 426 3800 a
445 3753 566 3822 pastore
609 3742 742 3816 emicem,
767 3739 931 3817 utveoperi
944 3738 982 3802 ed
995 3737 1146 3814 reveniat,

58 3813 152 3892 lgm
176 3827 387 3912 expectabat),
418 3827 457 3887 ad
483 3827 565 3908 quod
608 3827 745 3908 appellat.
788 3825 904 3884 Scilicet
923 3831 1014 3902 poeto
1027 3831 1148 3882 tentum

58 3915 282 3990 “mquounnis
301 3913 379 3974 fiunt
396 3914 567 3994 pastoritia:
608 3912 640 3972 in
653 3911 712 3974 boe
734 3909 914 3982 elaboravit,
947 3919 983 3967 ut
1004 3907 1148 3966 Theocri-

58 4003 124 4062 ΡΜ
139 4017 174 4057 ex
192 4009 265 4060 voto
285 4017 407 4060 auream
428 4007 565 4075 statuam,
607 4003 691 4058 teum
714 4015 833 4057 carmen
858 3993 1036 4073 exprimeret
1061 3991 1147 4074 ldyll.

59 4069 132 4141 lfllmt't
158 4085 309 4146 ambitiose
341 4107 398 4168 pro
425 4085 565 4166 pauperie
606 4083 660 4159 XI,
690 4087 730 4147 19
741 4103 793 4160 eq,
821 4081 868 4142 uti
889 4079 979 4139 etiem
998 4079 1068 4140 lecit
1086 4079 1148 4140 Ecl.

58 4165 156 4232 l¹⁸l⁰ria
172 4171 330 4256 posenni)
359 4169 473 4232 eideue
490 4189 565 4250 pro-
606 4168 722 4244 mse
737 4187 779 4246 eq.
822 4167 871 4226 Sic
890 4183 955 4245 aup.
976 4185 1006 4226 v.
1021 4169 1064 4231 26
1085 4165 1148 4225 Ar-

59 4243 227 4318 Plfittluerit.
253 4255 344 4340 .(Sed
362 4256 513 4336 magnale
533 4254 566 4316 ui
607 4253 698 4313 eadee
709 4261 813 4334 partor
826 4257 980 4328 memoret,
1002 4251 1054 4330 qui
1070 4250 1148 4310 inter

60 4333 230 4416 rantra,
249 4341 404 4424 Thyrum,
434 4361 484 4417 ae,
540 4341 567 4387 '—
607 4337 788 4400 Mantuanos
807 4337 937 4399 vivebat
982 4333 1066 4418 (Sed
1084 4335 1147 4396 vid„

61 4429 116 4474 ‘⁰¹¹0
141 4443 238 4506 magua
273 4429 383 4489 lbanae
415 4427 566 4508 pollicito,
609 4433 674 4486 not.
687 4423 727 4483 ad
738 4443 783 4484 re.
798 4425 828 4490 5.
853 4421 936 4504 Wr.)
959 4421 1148 4498 Quamquam

62 4501 149 4564 'stim
172 4521 200 4570 et
227 4515 259 4574 in
286 4515 449 4578 ridiculum
479 4521 568 4574 aum
608 4509 669 4571 lroo
680 4511 745 4590 ipeo
759 4511 858 4570 minor
869 4507 1008 4570 carminis
1016 4505 1147 4568 suavius

854 4615 942 4684 13*
