2758 4990
200 339 563 418 oaoaoroon
587 341 693 416 cro.
714 289 783 437 rr,
810 345 983 422 rr-ca
1074 351 1151 422 eoa

40 533 191 605 Summa
207 527 325 606 leves.
355 528 457 604 Hinc
472 527 606 602 nescio
626 553 703 628 qua
719 525 931 606 dulcedine
948 527 1074 607 laetae
1100 535 1151 611 66

38 633 267 730 Progeniem
283 629 481 733 nidosque
496 629 653 722 foven23
680 629 774 706 hinc
790 643 872 710 arte
887 635 1059 711 recentis

37 735 235 814 Ercuduni
254 759 380 829 ceras,
409 748 448 812 et
463 734 584 812 mella
600 736 751 810 tenacia
767 733 933 834 fingunt.

38 841 128 915 Hinc
139 839 209 916 ubi
227 840 306 914 iam
324 841 513 915 emissum
528 839 653 914 caveis
670 837 720 914 ad
736 838 865 915 sidera
883 839 986 916 coeli

37 948 129 1020 Nare
147 967 223 1044 per
236 956 425 1018 aestatem
439 941 632 1044 liquidam
647 945 866 1044 suspexeris
879 965 1043 1042 agmen,

39 1046 331 1147 obscuramque
349 1047 449 1122 trahi
466 1060 587 1122 vento
603 1045 803 1122 mirabere
821 1046 989 1124 nubem:
1100 1055 1150 1126 60

39 1150 351 1250 Contemplator3
378 1175 497 1251 aquas
516 1148 659 1246 dulcis,
689 1163 729 1224 et
743 1147 913 1226 frondea
929 1172 1090 1249 semper

39 1257 146 1328 Tecta
161 1266 315 1354 petunt.
367 1255 455 1330 Huc
469 1267 514 1330 tu
527 1255 652 1329 iussos
668 1251 860 1356 adsperge
875 1275 1047 1354 sapores,

80 1395 136 1470 58.
161 1413 275 1487 nmo,

65 1597 120 1664 (56.
137 1611 261 1650 recentes
274 1598 368 1650 Medic.
386 1597 458 1666 We.)
527 1599 561 1653 57
579 1599 738 1650 Excludunt
757 1599 884 1650 Rotteud.
901 1607 964 1650 tert.
986 1595 1095 1648 Mentel.
1107 1611 1149 1662 pr.

37 1665 101 1717 Leid.
114 1686 128 1718 a
141 1687 173 1720 m.
189 1686 231 1737 pr.
247 1668 328 1720 Goth.
341 1687 381 1738 pr.
416 1666 563 1720 Extudune
576 1669 672 1720 Mores.
686 1685 726 1736 pr.
756 1669 854 1740 figunt
871 1670 963 1720 Franc.
985 1669 1052 1720 Ven.
1066 1664 1149 1717 Goth.
1253 1699 1255 1702 -

37 1751 70 1802 pr.
85 1753 145 1788 unua
159 1739 246 1790 Mead.
282 1738 325 1790 Sic
340 1737 445 1790 Servios
465 1747 491 1788 et
505 1735 565 1788 edd.
579 1737 670 1808 steph.
687 1737 815 1807 aliaeque.
885 1739 919 1792 68
936 1739 991 1788 Kin
1007 1735 1054 1788 ubi
1072 1736 1150 1786 Men-

38 1805 75 1854 tel.
91 1823 127 1874 pr.
144 1825 205 1859 em.
219 1825 270 1876 pr.,
289 1825 338 1876 pro
354 1809 441 1874 Quin,
458 1815 489 1856 nt
501 1807 591 1858 Heius.
607 1806 676 1859 coni.
711 1805 1150 1875 Hiciieg.Mertin.‚quodp1-ee-

37 1874 261 1945 teau-(Probum
276 1878 351 1939 hina
377 1876 425 1927 sed
442 1876 510 1927 male
529 1877 608 1944 vulgo
630 1887 691 1944 post
712 1876 776 1928 leina
799 1887 927 1928 commate
946 1875 1149 1944 interpungitar,

38 1959 81 2010 qao
95 1946 140 2011 fit,
162 1957 191 1999 ut
206 1965 266 2000 cum
289 1946 612 2017 contemplatarum.
636 1945 858 2014 longaeuum.)
894 1949 1004 1998 nussam
1023 1942 1149 1996 Rottend.

38 2021 90 2064 tert.
103 2016 166 2068 Gud.
180 2035 196 2068 a
211 2035 247 2068 m.
261 2034 302 2086 pr.
315 2015 375 2068 vide
389 2034 413 2067 v.
429 2017 472 2069 22.
543 2015 577 2070 69
591 2035 646 2087 per
656 2017 790 2068 aestivam
802 2017 867 2084 Reg.
882 2013 990 2066 Martio.
1049 2015 1150 2068 6οηιί-

39 2079 112 2134 rabr'le
126 2086 204 2137 Goth.
217 2103 259 2156 pr.
294 2087 353 2136 Hoc
366 2085 436 2136 idem
450 2083 598 2136 coniecerat
611 2083 749 2148 Reiekius,
777 2093 803 2136 et
817 2085 1019 2156 Contemplator
1033 2097 1082 2151 pro
1098 2099 1150 2133 no-

38 2151 95 2202 miae
113 2153 266 2224 accipiebat.
301 2155 354 2207 Sed
376 2155 540 2223 vidGeorg.
560 2155 667 2218 1,187.
711 2157 762 2223 (-
780 2156 823 2208 61.
845 2155 941 2206 dulces
958 2152 1054 2204 Medic.
1076 2151 1149 2219 Wr.)

39 2221 67 2272 62
82 2225 150 2274 Huic
167 2226 209 2276 ed.
230 2227 298 2276 lunt.
317 2241 375 2276 cum
398 2223 431 2275 al.
467 2227 520 2276 Hic
540 2225 634 2292 iiagm.
653 2225 750 2276 Moret.
769 2224 878 2276 Vretiel.
896 2234 927 2279 ,et
947 2225 1013 2290 Reg.
1035 2221 1149 2274 nunni.

39 2289 133 2344 Hoetu
147 2297 239 2347 caveis
250 2294 386 2365 adsperge
390 2293 525 2363 favorum
543 2303 589 2344 aut
607 2305 706 2346 lunaoa
719 2294 856 2364 adsperge
875 2310 989 2364 sapores
1010 2309 1042 2342 ex
1060 2310 1085 2343 v.
1096 2292 1149 2348 267

39 2361 179 2414 emendabat
195 2363 328 2416 lieiskius.
363 2363 417 2415 Sed
428 2361 481 2414 rid.
494 2365 559 2416 Not.
1038 2385 1044 2398 ·
1176 2373 1183 2384 '

39 2557 139 2612 tectum
157 2553 260 2614 adhuc
281 2561 312 2612 et
327 2552 494 2615 obductum
505 2573 567 2612 nu·
652 2550 694 2614 58
709 2583 753 2596 -
766 2554 817 2614 62.
848 2548 1055 2626 Itaqueetiam
1068 2567 1150 2610 nove

39 2635 113 2696 bibus
125 2660 160 2699 ac
170 2640 287 2700 nimbis.
331 2637 382 2706 54.
397 2629 568 2717 Purpureos
610 2635 767 2712 examina,
792 2635 1013 2712 cumprimum
1037 2653 1067 2692 se
1089 2635 1150 2694 aeri

33 2723 132 2798 florea,
154 2725 250 2806 simpl.
264 2725 401 2804 pulcros,
423 2734 459 2784 ut
472 2745 566 2805 saepe.
609 2720 755 2796 credunt,
783 2722 881 2780 sontes
906 2727 936 2778 et
958 2719 1080 2778 arbores
1093 2739 1149 2799 pe-

38 2829 139 2868 oroceoe
156 2813 244 2887 alibi,
263 2821 300 2870 ut
316 2831 346 2871 v.
362 2815 433 2876 109.
455 2823 568 2870 mamm
607 2815 672 2868 tere
694 2805 818 2865 videbis.
845 2805 916 2862 lu'm
941 2825 1024 2864 nmio
1045 2806 1151 2870 saltem

39 2893 200 2974 degentiun
233 2917 325 2976 quam
352 2906 489 2976 carpunt.
509 2895 567 2978 Ap.
609 2893 649 2952 ad
669 2891 766 2971 operis
786 2889 915 2950 faciendi
934 2891 1071 2950 ordinem
1091 2892 1151 2952 erit

39 2978 142 3042 Luccei.
155 2983 205 3060 ΙΙΙ,
223 2987 259 3046 11
283 2991 328 3041 eet
341 2983 464 3040 aman.-
487 2984 564 3042 Flo-
606 2977 815 3054 referendum,
836 2977 913 3036 duce
931 2977 1026 3036 Plinio
1041 2977 1098 3053 ΙΙΙ,
1119 2981 1149 3054 6,

39 3067 123 3142 rifero
138 3081 171 3128 ol
185 3087 261 3146 apes
276 3071 309 3126 iu
323 3067 448 3126 saltibus
462 3071 565 3127 onmia
606 3085 629 3122 s.
648 3065 678 3129 5.
710 3063 837 3138 Cauarae,
861 3062 1004 3139 dealveo,
1027 3062 1150 3123 athea-

39 3149 141 3214 bbsanl.
163 3154 230 3236 (ubi
252 3153 314 3214 vid.
335 3153 452 3213 wales.
477 3151 564 3236 Wr.)
605 3148 648 3208 tri
668 3149 787 3208 sedibus
803 3149 897 3230 petila
914 3149 1049 3229 imagine.
1071 3150 1150 3210 conl.

40 3229 209 3316 α’μήσασθαι
229 3239 272 3298 eic
293 3239 406 3300 Gallim.
426 3239 459 3298 in
479 3239 563 3298 Dian.
607 3235 722 3294 Colum.
743 3235 805 3311 lx,
830 3237 908 3314 9pr.
951 3237 1003 3301 59.
1020 3257 1080 3314 per
1094 3257 1150 3295 ae-

41 3321 101 3384 164.
142 3325 192 3391 55.
214 3327 293 3384 leves
311 3325 429 3406 poetioo
448 3335 567 3400 ornatu,
609 3333 717 3380 elatem
733 3322 897 3404 liquidam,
925 3341 980 3400 per
1000 3340 1098 3380 aerem
1110 3321 1150 3380 li-

40 3423 91 3482 quo
104 3409 164 3490 ipso
177 3411 345 3486 indicatur,
374 3431 567 3492 cursuspen-
610 3407 752 3485 quidrun,
782 3407 895 3468 aestive
911 3406 1085 3484 serenitate;
1116 3415 1152 3466 ut

39 3511 80 3550 sae
98 3495 129 3554 in
145 3497 301 3578 superficie
317 3518 349 3557 ae
368 3497 479 3556 librare
494 3518 567 3578 pos·-
609 3493 742 3572 haoldus
754 3515 815 3569 aer,
829 3493 940 3552 aether.
959 3494 1067 3568 Nare,
1091 3511 1151 3552 vo-

39 3576 97 3639 einl.
137 3586 239 3658 Haec,
272 3603 311 3642 ex
329 3582 377 3644 bie
398 3583 523 3644 fioribus
538 3593 569 3642 et
609 3579 682 3655 lare,
704 3580 956 3640 utcontranavis
970 3579 1054 3637 volat
1069 3577 1151 3657 apud

40 3661 172 3744 lontibus,
203 3670 329 3748 fervens,
365 3669 467 3745 alunt,
492 3691 568 3748 pro·
608 3673 721 3744 poetae.
743 3664 909 3744 Philargyr.
922 3663 1069 3723 exEnnio
1082 3663 1151 3722 lau-

38 3755 145 3824 geniem
157 3756 301 3835 nidosque
322 3753 371 3837 (ut
385 3775 430 3816 ve.
453 3759 494 3820 17
510 3775 566 3835 pro
610 3751 677 3810 dat:
707 3754 874 3811 lmaenavil
893 3752 954 3806 cita
968 3761 1150 3826 perterrens

40 3835 141 3918 pullis),
163 3861 258 3900 novos
276 3843 352 3901 letus
371 3861 451 3900 suos.
473 3841 568 3900 Colu-
609 3839 754 3916 caligosis
773 3857 874 3896 muas.
902 3835 941 3894 Et
962 3835 1079 3894 Lucret.
1099 3834 1150 3910 ΙΙΙ,

41 3921 117 3980 uella
138 3925 197 4002 ΙΧ,
218 3925 274 4002 14,
293 3931 333 3991 18
356 3929 446 3986 Nam
462 3926 568 3986 abae-
610 3925 673 3988 690
686 3923 771 4003 prius
788 3941 881 4002 quam
894 3920 993 3980 anima
1003 3921 1152 3999 prolapsa

41 4009 176 4080 reomela
192 4033 279 4073 acmo
298 4016 362 4071 slew
382 4016 568 4072 adsectatione
601 4009 694 4087 sorae
708 4010 853 4066 anatella
865 4009 1057 4066 acribarum.
1079 4005 1152 4066 Mox

41 4089 96 4149 mm
110 4101 226 4172 passim
247 4111 417 4178 vagantur,
447 4111 476 4158 ct
500 4101 568 4158 ido-
610 4094 705 4154 idem:
736 4092 818 4152 tradi
831 4103 926 4150 vasto.
973 4096 1024 4156 60.
1045 4091 1149 4166 nubes,

42 4193 101 4234 'teos
120 4182 163 4240 ad
171 4183 274 4262 senua
300 4185 459 4262 decerpam
475 4187 572 4263 flues
612 4189 791 4261 perpetuum
821 4177 858 4238 de
885 4177 1029 4238 examine.
1053 4177 1151 4238 vuer.

42 4271 120 4340 alproe
153 4269 231 4328 imm
263 4281 341 4328 tecta
377 4282 570 4348 comportant.
612 4265 657 4326 Fi
682 4266 710 4340 Ι,
733 4267 796 4328 896
816 4265 931 4322 diescat
955 4262 1149 4338 mehede'em,

42 4353 128 4408 acacio
160 4374 223 4432 qua
257 4353 417 4414 dulcedine
450 4357 567 4430 lanae,
611 4351 933 4430 dimplenaeneclare
953 4350 1046 4408 cellae
1063 4351 1151 4407 Para-

41 4427 225 4500 ldunvereus
240 4440 346 4520 Georg.
359 4439 382 4516 1,
394 4441 467 4504 412.
611 4437 675 4512 die,
711 4448 740 4495 el
759 4439 793 4496 ln
816 4435 935 4496 dulcem
958 4455 1043 4513 reges
1064 4435 1152 4492 emd-
