2652 5032
143 392 508 470 osonolcon
534 393 638 472 ms.
665 396 713 490 n,
741 401 956 474 oso-594
1033 401 1110 477 465
1182 365 1184 368 ’

18 581 90 654 iinc
107 581 237 654 omnis
254 579 361 678 largo
379 579 560 680 pubescit
576 580 687 654 vinea
702 577 807 674 setu;
1033 593 1109 664 390

18 683 241 782 :onplemur
258 683 456 784 vallesque
473 708 588 758 cavae
606 681 804 785 saltusque
821 682 1032 785 profundi,

18 789 44 860 it
58 811 308 887 quocumque
327 785 426 861 deus
445 787 592 862 circum
607 800 724 886 caput
740 789 817 884 egit
831 787 1056 870 honestum.

18 893 92 984 irgo
113 891 186 980 rite
210 915 327 965 suum
347 889 503 964 Baccho
526 889 703 964 dicemus
722 889 923 968 honorem

18 993 237 1068 inminibus
253 993 402 1094 patriis,
428 993 639 1095 lanceaque
658 1007 697 1068 et
710 993 787 1068 liba
803 993 999 1090 feremus;

32 1199 75 1252 390
90 1197 207 1252 rubescit
219 1201 324 1268 Menag.
336 1217 376 1268 pr.
446 1203 497 1256 391
509 1201 734 1271 complenturque
745 1219 829 1252 cavae
842 1205 930 1255 valles
944 1205 1039 1257 Moret.
1055 1225 1106 1258 aec.

18 1269 46 1320 ¹92
60 1269 153 1320 Laudat
167 1269 312 1321 Columella
332 1273 382 1334 Ill,
400 1273 448 1335 21,
466 1273 491 1324 4.
523 1271 701 1340 quodcunque
717 1271 838 1324 Parthas.
873 1277 909 1324 Et
929 1276 1107 1344 quodcunque

18 1336 169 1390 iecnsScbol.
186 1339 279 1390 Horat.
293 1343 348 1390 Sat.
366 1341 385 1398 1.
403 1342 429 1402 2,
447 1341 489 1394 84.
507 1348 640 1405 corrupte.
685 1355 844 1410 quoeunque
858 1342 924 1393 deos
936 1343 1003 1394 Gud.
1030 1345 1107 1407 Quod

20 1421 54 1454 ero
65 1407 177 1460 Guellius
195 1418 224 1458 et
241 1427 273 1460 ex
285 1426 317 1460 eo
333 1409 417 1460 Corda
432 1410 465 1460 ad
480 1409 507 1460 b.
520 1409 538 1460 l.
551 1408 656 1460 laudant
669 1425 771 1458 cannen
785 1410 812 1460 in
826 1411 961 1476 Bacchum,
979 1430 993 1463 e
1010 1413 1108 1464 Mureti

18 1475 259 1545 biliambopetitum
278 1487 333 1528 eat:
361 1495 394 1529 ne
416 1478 533 1540 saliaris,
557 1494 659 1528 moneo.
728 1478 781 1532 393
804 1497 870 1530 auos
891 1481 1010 1532 honores
1029 1483 1107 1534 codd.

18 1543 86 1612 bquot
98 1545 183 1608 Pierii,
202 1547 275 1614 quod
290 1547 341 1618 ipsi
355 1565 410 1598 rem
424 1547 629 1668 exlendidiorem
644 1547 748 1597 efficere
761 1547 906 1599 videbatur.
923 1551 1106 1602 honestum—

18 1631 112 1666 tonorem
125 1615 283 1683 displicebat
299 1619 336 1668 Io.
351 1617 432 1668 Schra
452 1635 506 1668 ero.
562 1615 614 1671 394
632 1616 780 1686 laticesque
791 1629 819 1668 et
830 1619 930 1682 Franc„
948 1637 996 1686 per
1009 1638 1038 1672 se
1054 1639 1107 1672 non

18 1681 65 1734 tale.
89 1681 214 1754 serentes
227 1685 327 1737 zalich.

18 1837 94 1900 tibani
111 1863 144 1901 ac
159 1843 304 1919 Romani,
334 1843 392 1902 dici
415 1843 530 1923 possint
570 1841 697 1921 imagine
716 1841 774 1902 bac
794 1844 940 1921 vividius,
963 1845 1043 1906 nibil'
1058 1847 1107 1907 iu-

18 1925 107 1986 niundi
133 1929 170 1986 ab
191 1929 245 2003 iis,
268 1929 402 2006 quicum
420 1927 528 2004 Aenea,
572 1927 1108 1992 cundius.Praeiveranttamenbaud

18 2009 79 2070 froia
92 2017 193 2088 misai,
222 2012 529 2096 p1·oseetieiant.(ex
572 2013 661 2073 dubie
682 2014 787 2074 Graeci
811 2025 930 2093 poetae:
970 2037 1109 2098 compara

18 2095 58 2153 rita
76 2103 168 2175 pinu,
206 2099 296 2180 pinus
321 2119 378 2160 sec.
400 2101 528 2160 Varron.
570 2120 601 2158 v.
620 2121 644 2158 o.
659 2098 829 2160 Callimach.
842 2101 872 2159 in
889 2101 987 2181 Apoll.
1011 2109 1052 2169 50
1064 2125 1106 2182 sq.

18 2179 26 2251 ἶ,
40 2185 78 2246 15.
98 2185 173 2244 inter
190 2181 315 2244 arbores
331 2186 407 2266 agris
421 2185 528 2245 termi-
571 2185 603 2242 in
624 2185 708 2245 Dian.
731 2185 791 2250 124
811 2206 853 2262 sq.
903 2191 1039 2247 Statuam
1060 2189 1108 2248 dei

18 2269 93 2326 landis
106 2269 176 2349 poni
191 2271 310 2348 solitas,
325 2295 361 2329 ex
375 2273 452 2344 alta,
469 2291 528 2348 quo
570 2290 625 2350 per
646 2272 762 2330 tineam
787 2271 971 2333 circumferri
990 2276 1108 2334 solitam

18 2353 78 2410 atius
90 2365 187 2434 pateat
208 2367 395 2436 prospectus.
421 2355 526 2437 Voss.)
570 2353 633 2414 buc
655 2356 806 2415 advocant
827 2357 1023 2437 Interpretes5
1048 2359 1108 2418 sal-

18 2437 63 2500 390.
81 2441 229 2500 Exoratus
259 2451 290 2500 et
318 2443 453 2522 placatus
482 2440 529 2500 his
571 2449 632 2499 tem
656 2442 757 2500 oscilla
781 2450 923 2520 poterant
940 2445 1125 2504 memorari..

19 2524 80 2582 aab
108 2547 141 2585 se
168 2513 254 2586 sestis
284 2525 357 2588 deus
382 2521 543 2587 summam'
569 2526 754 2585 Probabilius
767 2535 875 2602 tamen,
892 2529 1108 2607 universepoe-

19 2607 150 2670 vindemiae
170 2613 341 2672 ubertatem
364 2614 443 2672 votis
455 2612 528 2672 red·
569 2619 633 2669 tam
654 2610 691 2670 de
716 2611 763 2668 dei
793 2611 936 2689 adspectu
957 2613 1107 2691 cogitasse.

20 2689 52 2750 b't
66 2701 146 2756 vr'neo
162 2697 319 2776 pubescit,
349 2699 419 2758 satis
439 2699 528 2758 obvia
569 2696 702 2755 Petitum
721 2705 821 2754 autem
837 2715 874 2753 ex
894 2697 1018 2775 amiqua
1034 2697 1107 2756 reli-

20 2781 192 2858 tanslrtione,
231 2783 309 2842 vites
343 2785 526 2860 exuberant,
569 2783 674 2862 gione,
703 2801 763 2858 qua
782 2781 947 2860 praesentia
973 2781 1107 2858 deorum,

21 2861 78 2940 'orgo
91 2869 177 2945 fetu,
208 2869 289 2927 laeto
311 2889 441 2930 uvarum
454 2889 529 2950 pro·
570 2867 857 2947 inprimiaApollinis
872 2877 902 2926 et
911 2867 1027 2943 Bacchi,
1039 2887 1106 2927 cer-

21 2959 95 3009 tortu.
130 2954 237 3014 Valles
252 2953 420 3034 saltusque,
444 2955 528 3014 aivi-
570 2953 609 3012 tis
622 2953 695 3012 locis
716 2973 751 3011 ac
765 2953 951 3032 temporibus
971 2951 1044 3013 fieri.
1056 2974 1108 3012 so-

22 3029 73 3092 rbus
86 3039 194 3098 oonsita
215 3039 300 3114 loca,
329 3050 365 3099 ut
376 3040 529 3120 probabile
569 3039 625 3098 lita
650 3039 816 3114 serebatur,
852 3047 898 3115 et,
926 3040 1042 3116 quoties
1066 3039 1109 3098 dii

23 3115 125 3198 idetur,
146 3123 196 3183 hic
214 3143 354 3204 expressa
369 3135 450 3202 sunt,
470 3126 529 3185 im-
572 3133 757 3204 apparerent,
780 3124 880 3182 omnia
891 3123 1000 3202 ridere,
1021 3125 1109 3185 fron-

23 3207 108 3282 roprie
134 3209 278 3270 dicuntur
300 3211 337 3269 de
364 3211 474 3286 vineis,
496 3212 529 3269 in
571 3210 704 3286 descera,
733 3211 968 3289 progerminare,
996 3209 1109 3271 enthu-

24 3285 81 3348 tlano
94 3301 122 3352 et
137 3295 169 3354 in
192 3295 319 3354 collibus
334 3296 411 3356 satis.
433 3297 529 3356 valles
570 3295 687 3354 siastica
705 3295 848 3374 loquendi
866 3297 978 3371 forma,
1000 3316 1109 3356 narra-

24 3371 70 3432 ¹dt⁰
94 3397 145 3456 pro
174 3381 273 3461 planis
299 3382 387 3456 locis,
419 3403 526 3456 cavae,
570 3379 691 3440 bantur.
726 3381 761 3440 In
774 3380 856 3460 quod
871 3381 1048 3461 phantasma
1061 3381 1108 3440 sa-

25 3455 171 3524 iraeeomm
184 3466 339 3546 exemplo,
359 3475 396 3526 ut
408 3467 528 3526 Pindar.
574 3465 628 3524 cile
651 3466 782 3526 incidere
806 3475 932 3546 potuere
953 3466 1107 3540 homines,

27 3547 64 3618 ,3,
80 3552 114 3611 18
134 3552 219 3637 κοίλᾳ
233 3547 325 3636 νάπᾳ.
350 3549 532 3632 (οαναεηοιι
573 3571 667 3630 quum
688 3554 820 3610 numinis
838 3564 912 3612 nutu
930 3551 1040 3610 eafieri
1059 3549 1108 3608 di-

26 3635 49 3683 at
64 3651 133 3692 mere
156 3657 267 3696 ornans
288 3645 320 3695 et
348 3655 387 3695 ex
416 3638 532 3716 poetica
574 3645 690 3711 cerent,
720 3655 796 3715 quae
816 3646 942 3697 naturae
958 3635 1004 3696 vis
1018 3644 1049 3693 et
1061 3643 1091 3693 te

27 3715 80 3790 tpia
107 3719 271 3782 adiectum:
307 3721 373 3781 Liv.
393 3723 531 3798 XXVIII,
574 3741 631 3780 nor
657 3721 758 3802 gignit.
808 3721 920 3780 Locum
952 3719 1036 3780 bunc
1067 3718 1106 3778 ad

27 3797 54 3856 [ε
71 3803 123 3874 „ibi
134 3806 164 3865 in
185 3827 279 3867 cava
300 3807 420 3884 valle,
442 3817 532 3886 atque
573 3805 683 3866 Bacchi
703 3807 817 3867 natales
834 3803 990 3866 transtulit
1004 3801 1100 3863 Anien

28 3879 55 3938 >b
72 3885 104 3945 id
124 3893 257 3968 occulta,
280 3893 434 3952 considere
449 3894 532 3952 mili·
573 3893 683 3971 Pen'eg.
701 3896 834 3970 ttttiq.
847 3889 900 3950 ubi
918 3891 955 3949 ef.
969 3887 1107 3951 Wernsd.

28 3981 63 4025 tm
91 3993 122 4032 ac
155 3978 253 4038 eibum
284 3997 389 4059 capere
412 3978 532 4040 iubet.“
573 3989 667 4056 eaput
699 3977 853 4036 honestum
888 3983 934 4033 eat
959 3975 1108 4054 pulcrum,

29 4057 98 4129 taque
117 4057 188 4122 baso
207 4084 270 4122 non
288 4063 326 4123 de
345 4063 441 4122 vineis
462 4064 532 4122 solis
573 4063 747 4138 formosum,
769 4061 855 4140 quale
866 4057 975 4119 bacchi
985 4078 1109 4140 expres-

29 4133 81 4196 ficit
92 4145 324 4224 existimaverim,
335 4149 389 4208 sed
401 4149 438 4208 de
452 4147 533 4208 omni
575 4165 641 4206 sum
655 4145 754 4206 adhuc
770 4146 802 4205 in
823 4145 1023 4204 monumentis
1034 4163 1108 4206 con-

30 4223 131 4304 anone,
158 4233 206 4292 eui
236 4233 345 4294 Baochi
375 4234 534 4314 adspectus
575 4233 709 4312 spiritur.
760 4229 946 4290 &minibus
962 4271 966 4281 =
983 4234 1105 4309 patuis.

30 4301 176 4376 tributam
189 4319 335 4379 oonciiiet.
347 4319 430 4400 Wr.)
460 4323 532 4384 392.
574 4319 671 4378 Fuere
686 4317 760 4377 adeo
772 4315 903 4376 carmina
916 4316 1038 4396 antiqua
1049 4317 1108 4374 lio-

31 4387 235 4483 &quormque
253 4405 337 4466 deus.
382 4403 532 4464 Pulcern'-
575 4423 734 4464 manorum
763 4399 795 4462 in
824 4399 934 4462 Bacchi
961 4400 1108 4461 honorem

32 4479 159 4544 mutand
181 4488 269 4550 dubie
293 4509 410 4550 versus.
452 4487 535 4550 Nihil
575 4489 642 4549 cani
659 4489 754 4551 solita
796 4485 863 4547 alia
879 4487 964 4549 tuere
981 4485 1109 4548 Fescen-

64 4577 198 4665 Vutum.
224 4591 330 4666 Tou.
348 4589 376 4666 I.
852 4590 902 4662 30
