2706 5002
184 349 543 428 GEORGICON
568 350 673 427 LIB.
698 349 751 444 11,
775 349 994 428 496-500
1073 349 1148 428 489

38 544 106 616 Aut
122 537 252 614 doluit
269 537 460 614 miserans
473 535 657 636 inopem,
684 546 750 610 aut
761 532 901 610 invidit
912 533 1086 612 habenti.

40 646 138 736 Quos
152 641 256 718 rami
271 635 439 737 fructus,
468 661 568 740 quos
583 639 665 740 ipsa
681 635 853 713 volentia
869 661 961 715 rura
1071 640 1149 715 500

52 815 113 936 49v9
130 815 270 868 reiectam
280 825 330 865 out
342 829 397 865 non
418 811 519 864 invidit
530 811 630 864 zulich.
650 828 682 863 ex
699 808 912 879 interpolatione.
980 809 1035 864 500
1050 811 1149 863 valen-

38 896 70 934 tro
109 901 151 936 en.

37 1027 85 1086 gne
102 1027 170 1066 non
190 1007 275 1066 luere
294 1007 411 1068 sublata
430 1007 569 1068 ellema—
611 1007 633 1083 l,
649 1011 677 1084 1,
692 1011 808 1085 77.sq.:
829 1005 910 1086 „ligo
925 1005 1089 1086 composito
1101 1026 1150 1066 se-

35 1091 86 1151 nis!
114 1113 164 1150 res
186 1093 345 1152 Romanae
361 1091 570 1172 Intelligendae
612 1111 702 1154 cums
715 1111 823 1152 acervo
831 1089 993 1171 Despiciam
1006 1091 1082 1152 dites
1095 1093 1150 1152 de-

33 1177 248 1239 vicissitudInee
277 1187 308 1237 et
331 1179 454 1238 fortuna
472 1178 570 1257 impe·
612 1177 940 1258 spiciemquelemern.“
966 1173 1055 1258 Wr.)

33 1263 64 1321 rii
83 1262 225 1322 Romani.
268 1265 346 1322 Sunt
370 1271 469 1322 eutem
497 1261 571 1322 baec
656 1264 858 1330 500-503.
891 1261 1064 1322 Praeiverat
1086 1263 1149 1322 Lu-

33 1345 571 1428 sccommodsteadbypotlresinEpi·
613 1358 684 1409 cret.
700 1349 744 1424 V,
766 1349 829 1412 935
860 1342 998 1428 (notante
1017 1347 1149 1408 Macrob.

32 1435 103 1507 euri,
128 1443 162 1492 et
180 1433 262 1492 intra
281 1433 343 1492 eius
361 1433 470 1512 placita
493 1432 572 1492 acci-
613 1433 664 1510 v1,
680 1441 694 1496 1
712 1430 804 1514 extr.)
830 1433 919 1510 Quod
930 1435 975 1492 sol
987 1446 1076 1514 etque
1089 1437 1149 1490 im—
1195 1488 1198 1500 ,

30 1519 143 1597 pienda.
190 1517 427 1596 alioquinin,
453 1519 485 1578 in
508 1517 572 1576 cive
613 1519 676 1580 tres
694 1519 853 1592 dederant,
875 1517 958 1598 quod
974 1529 1050 1576 terra
1064 1539 1150 1576 crea-

31 1605 166 1664 llonreno
176 1647 185 1678 ,
212 1604 336 1683 impium
355 1603 415 1664 hoc
431 1613 462 1662 at
479 1603 572 1662 scele-
613 1617 661 1664 rat
678 1605 788 1681 Sponte
807 1623 864 1662 cue
873 1647 882 1677 ,
906 1606 979 1662 salte
994 1603 1029 1662 id
1037 1605 1150 1682 placa-

30 1699 125 1748 ntum
143 1689 243 1764 soret,
264 1689 445 1768 reipublicae
461 1697 573 1748 sortem
614 1689 797 1767 batpcctoru
810 1687 932 1763 dorum.
967 1689 1035 1748 Non
1049 1698 1150 1750 autem

29 1775 66 1832 nil
84 1792 208 1834 mirare.
237 1771 295 1853 (m
313 1775 473 1833 &manoe
485 1776 572 1852 peri-
614 1783 687 1836 sinit
713 1791 769 1854 pro
807 1773 966 1852 tautologie
993 1771 1149 1850 habenda,

29 1872 153 1940 uuuqroe
179 1879 275 1938 regum
297 1858 330 1918 in
354 1879 446 1920 unam
470 1859 572 1918 notio-
614 1864 692 1939 ι’ρεα,
715 1855 861 1933 volentia,
885 1871 988 1940 sponte
999 1881 1076 1932 sua5
1098 1859 1150 1918 sed

26 1965 89 2004 nem
114 1943 345 2024 coniungenda:
367 1945 445 2004 bella
459 1945 573 2004 Roma-
613 1949 710 2007 secere
721 1943 855 2024 putanda
869 1943 909 2002 ed
919 1945 1071 2004 notionem
1084 1945 1151 2025 pri-

26 2051 135 2091 norum
166 2049 237 2088 cum
257 2030 367 2090 exteris
395 2038 492 2109 geste,
525 2028 573 2088 his
613 2030 738 2091 mariam
752 2027 853 2092 vivide
869 2029 1033 2090 etfortiter
1050 2031 1151 2092 decla-

24 2116 163 2176 “ffiffi
208 2113 311 2188 Qum
341 2133 479 2191 comma,
511 2135 571 2193 quo
612 2117 749 2178 rendam.
770 2115 923 2196 Expressit
934 2119 1088 2196 sequentis
1096 2119 1150 2176 Se-
1243 2143 1252 2158 ··

24 2200 95 2262 lnec
123 2199 415 2278 distinguebantur,
447 2200 555 2260 sustuli
562 2221 572 2278 5
612 2201 999 2280 necellerc.fur.159eq.
1021 2204 1152 2263 volentia

23 2288 82 2348 sid.
107 2287 151 2362 Q.
175 2285 210 2346 V.
227 2285 368 2361 XXXIII,
386 2283 416 2348 4.
451 2285 572 2345 Vossius
612 2309 684 2348 mea
700 2305 738 2346 ex
753 2288 913 2364 graecimo
929 2288 1054 2366 exponit
1067 2289 1150 2348 Tou-

22 2374 106 2432 Sexti
113 2369 264 2452 Pompeii,
275 2371 388 2450 Lepidi,
400 2371 482 2430 Lucii
489 2371 572 2430 Mar-
613 2373 680 2454 pius
691 2372 724 2430 in
737 2371 820 2430 Suid.
833 2372 867 2430 T.
880 2372 916 2446 ll,
930 2391 959 2450 p.
974 2370 1026 2446 49,
1046 2373 1100 2430 ubi
1113 2392 1152 2432 ex

23 2461 108 2538 eique
128 2455 260 2516 Antonii
282 2455 515 2516 dominationem
531 2455 573 2514 si·
613 2454 753 2536 Xenopb.
768 2455 887 2516 laudet:
916 2453 999 2536 ἡγῇ
1018 2455 1151 2521 ettovca
1196 2491 1200 2499 ν

20 2543 179 2624 gollicati,
206 2539 321 2620 hosque
343 2541 423 2621 ipsos
442 2562 486 2602 vs.
501 2537 572 2606 504.
614 2575 657 2590 ·-
672 2533 809 2604 dedolenti
825 2549 856 2600 et
877 2539 949 2626 hinc
966 2537 1094 2620 θέλεμος
1111 2545 1152 2622 γῆ

21 2649 136 2710 reges
152 2627 298 2707 appellari
311 2627 470 2687 exieIImat.
487 2622 571 2704 Wr.)
615 2629 649 2688 T.
663 2627 687 2702 1,
708 2645 738 2705 p.
753 2625 826 2690 285.
867 2624 1032 2684 Praebebat
1050 2633 1152 2686 tamen

61 2715 145 2781 499.
181 2733 275 2793 neque
304 2714 356 2771 dle
385 2716 451 2772 Aut
477 2712 573 2770 donet
612 2715 678 2794 ipsa
698 2731 748 2772 res
771 2718 877 2789 poetae
900 2707 980 2786 hoc,
1018 2710 1067 2770 vel
1089 2709 1152 2770 sine

20 2799 150 2882 (dolet)
177 2802 321 2858 miserans
344 2801 482 2877 ι’τιορειη,
519 2807 573 2854 aut
601 2795 823 2877 Xenophonte,
839 2793 863 2854 si
879 2797 955 2874 ipsa,
971 2807 1074 2872 sponte
1085 2815 1151 2873 sua,

17 2889 135 2946 ιἠνιὶίᾶ
154 2882 295 2958 habena,
328 2903 390 2944 non
410 2881 519 2942 duritie
541 2889 572 2939 et
614 2902 685 2943 sane
699 2883 789 2940 etiam
802 2880 938 2940 lubentia
955 2899 991 2938 ec
1008 2881 1150 2957 volentia,

16 2973 140 3032 ferocia
157 2969 264 3043 animi,
286 2977 340 3028 aut
359 2968 459 3027 Stoice
475 2967 573 3044 alique
614 2967 646 3029 lr.
667 2987 693 3027 e.
716 2967 876 3042 lubenter,
908 2967 1013 3026 ferunt
1037 2967 1152 3026 tructus

15 3057 173 3139 apathia,
202 3071 279 3132 ques
300 3053 393 3130 mele,
425 3073 442 3110 a
469 3051 572 3112 Servio
614 3075 697 3115 rurs.
740 3053 796 3112 lnI.
822 3051 879 3126 lv,
909 3051 970 3118 551
1005 3055 1153 3132 vz'clorqrae

14 3145 112 3220 iride,
143 3140 209 3200 huc
232 3137 418 3214 advocetur,
445 3137 498 3198 ced
519 3156 575 3196 nec
615 3141 744 3200 vokntee
767 3139 828 3196 Per
848 3139 979 3215 populor
997 3137 1052 3196 dat
1071 3139 1149 3196 iura.

16 3231 109 3290 dolet
128 3244 188 3287 nec
201 3223 331 3300 invidat,
353 3223 436 3302 quod
451 3223 483 3283 in
503 3241 573 3301 agro
616 3225 730 3284 Graece
755 3224 873 3283 ratione
898 3232 987 3303 poeta
1017 3223 1063 3282 uti
1085 3231 1153 3282 tum

13 3323 166 3376 remotus
187 3307 226 3371 ab
243 3309 325 3368 omni
338 3327 504 3388 pauperum
516 3308 576 3366 mi·-
617 3309 761 3370 dicendus
773 3318 832 3384 est,
847 3329 923 3384 non,
939 3307 1055 3389 quoties
1067 3317 1154 3367 uter-

14 3403 100 3460 seria
124 3407 158 3456 et
180 3394 311 3456 divitum
333 3395 410 3454 luxu
432 3413 468 3452 ac
493 3393 574 3452 laetu
616 3413 674 3475 que
699 3413 795 3454 sermo
816 3395 847 3454 in
874 3395 1004 3472 aliquam
1028 3395 1155 3452 sormam

13 3475 166 3548 animum
187 3480 226 3538 ab
246 3480 328 3538 omni
346 3478 575 3558 perturbatione
616 3480 747 3540 nntureli
775 3481 987 3540 sententiarum
1011 3477 1102 3536 modo
1125 3485 1155 3536 et

13 3589 164 3633 vacuum
181 3563 294 3626 hebere
313 3573 421 3644 potest.
451 3564 575 3644 Copiose
617 3565 723 3626 ordine
746 3565 915 3639 consentit,
947 3583 1054 3625 verum
1076 3582 1154 3640 quo-

13 3661 165 3720 illustrst
190 3651 292 3710 locum
315 3651 417 3710 Ilium.
460 3649 576 3708 [locent
616 3651 673 3711 ties
695 3659 749 3710 aut
768 3670 786 3707 a
804 3649 947 3708 sermonis
963 3648 1053 3728 patrii
1068 3648 1154 3726 genio
1278 3703 1284 3713 ,

13 3745 79 3804 boc
121 3733 351 3800 antecedentia:
383 3755 443 3793 non
464 3735 576 3812 populi
616 3745 716 3796 etusu
730 3735 854 3794 sollenni
867 3733 997 3808 recedit,
1012 3732 1155 3813 adoptat-

13 3833 132 3894 sascu
146 3833 223 3896 etc,
252 3841 344 3898 quos,
371 3820 406 3878 in
433 3839 503 3899 egro
523 3818 575 3897 qui
617 3839 675 3900 que
690 3821 802 3878 formas
817 3821 960 3893 Graecas,
982 3837 1034 3877 sen
1048 3818 1155 3897 vulga-

13 3916 131 3994 degit,
158 3927 221 3969 non
241 3905 342 3982 videt,
371 3905 497 3983 ideoque
520 3923 576 3963 nec
615 3925 664 3966 res
679 3924 731 3962 seu
747 3905 895 3983 poetices,
915 3903 958 3961 ita
972 3912 1024 3978 ut,
1045 3904 1102 3962 nisi
1117 3919 1156 3963 ex

13 4007 139 4072 cur-nt,
167 3992 236 4073 quis
260 3991 311 4050 ille
334 3990 441 4070 opibus
465 3989 576 4049 suiset
616 3990 742 4050 lectione
764 3989 947 4048 Graecorum
974 3988 1156 4068 scriptorum

13 4085 152 4148 rrtibue
173 4085 384 4154 consequatur.
422 4071 573 4156 (habenti,
617 4095 666 4134 eea
693 4073 881 4148 memineris,
913 4073 1047 4154 expediri
1071 4073 1156 4134 locus

13 4169 139 4242 diviti,
167 4173 205 4226 ut
223 4161 335 4222 habere
354 4157 435 4240 apud
451 4160 509 4219 cic.
522 4159 576 4237 Ep.
618 4168 761 4238 nequeat5
783 4169 837 4218 aut
850 4159 901 4219 ubi
918 4161 1073 4219 manifesta
1089 4169 1156 4220 stu-

13 4260 100 4333 V11,
131 4255 182 4316 29.
213 4247 347 4322 dicitur;
383 4243 452 4304 add.
474 4243 576 4322 Eurip.
619 4245 703 4304 diiet
718 4245 922 4305 aemulationis
935 4246 1017 4326 signe
1030 4255 1061 4306 et
1074 4246 1156 4306 indi-

13 4347 127 4406 am.
141 4337 214 4396 Fur.
231 4337 318 4398 686.:
341 4329 474 4410 ἔχωσιν,
497 4329 530 4390 oI
544 4320 575 4390 d'
619 4331 665 4389 cia
685 4329 789 4410 prodit
805 4331 941 4410 scriptor.
970 4331 1066 4391 Semel
1080 4331 1156 4392 baec

13 4428 65 4497 ni.
103 4422 207 4487 Wch.
245 4419 385 4477 Ceterum
400 4415 452 4475 cfr.
468 4413 577 4474 Tibull.
620 4415 701 4476 dicta
712 4415 782 4492 sint,
798 4416 967 4478 cumtotiee
979 4416 1155 4497 graecismos
1220 4472 1224 4486 ,
