2758 4990
148 336 225 408 662
392 329 434 404 P.
466 327 730 406 VIRGILH
752 323 1032 402 MARONIS

151 513 572 611 Caemleus·Proteus,
601 531 793 612 magnum
810 512 881 614 qni
895 510 1074 612 piscihus
1094 535 1249 613 aequor

184 725 238 779 888
255 725 303 795 qui
319 719 451 795 passibus
470 719 571 774 zulich.
611 718 735 792 piscibus
752 719 828 774 nimia
849 729 930 772 tenue
953 728 983 771 et
1003 717 1074 771 mts
1095 736 1157 772 ease
1174 719 1282 772 vtem

149 793 252 859 Miror,
269 791 420 860 Heinsium,
438 791 484 862 qui
501 790 585 843 toties
601 793 705 862 piures
723 789 765 841 vel
779 791 909 864 pistrices
922 787 1040 854 induxit,
1070 788 1100 840 h.
1113 787 1134 839 l.
1149 806 1204 842 non
1219 789 1285 842 iden

150 873 273 916 taumate.
307 859 409 916 odram
430 870 548 931 praestat
561 858 699 932 pietribue
719 857 762 914 vel
778 853 922 931 pri-stabnt.
947 858 1068 927 (Minimo
1088 857 1283 910 sollicitandum

147 931 283 1004 piacidum
301 930 377 1002 qusai
399 948 452 984 uon
467 929 547 982 etiam
560 945 648 1012 magns
665 937 754 982 esseut
768 929 870 1011 qinons!
894 927 1097 998 coniungendas
1111 939 1284 980 autam

150 1018 310 1070 quererent
331 999 383 1066 ite,
414 1011 444 1053 ut
464 999 525 1069 equi
546 997 641 1052 marini
658 997 862 1068 descriptionem
882 998 1030 1060 contineat,
1054 999 1195 1050 anteriore
1215 1011 1285 1068 parte

151 1087 260 1142 equum,
277 1067 428 1140 posteriora
440 1067 542 1142 piscem
553 1067 706 1134 sefemtisr
725 1078 753 1122 at
765 1068 806 1121 sio
816 1067 874 1140 ipse
888 1065 1007 1140 Heyuies
1016 1067 1045 1120 in
1058 1069 1128 1119 Not.
1149 1067 1225 1136 Wr.)

151 1245 222 1322 ubi,
250 1253 439 1308 monstrante
455 1243 599 1321 Idothea,
633 1243 700 1304 Me·
744 1247 827 1310 1766
838 1243 1051 1304 Commentatt
1065 1243 1229 1320 VobVffl,
1242 1246 1286 1304 in-

152 1331 258 1392 nelaus
270 1331 303 1390 iu
316 1331 416 1392 Pharo
422 1375 432 1410 ,
454 1330 581 1411 Aegypti
593 1329 700 1408 insule,
742 1340 790 1391 ter
817 1328 1032 1409 Antiquiores,
1068 1339 1101 1390 et
1126 1330 1235 1410 Progr.
1254 1331 1289 1390 de

153 1415 260 1478 eodem
280 1417 372 1478 modo
384 1418 493 1478 Protea
514 1416 699 1496 adgreditur,
742 1417 802 1478 litt.
829 1425 861 1476 et
891 1423 948 1475 art
977 1415 1092 1476 rendit
1121 1416 1157 1474 iu
1176 1416 1289 1477 votn

154 1521 193 1564 ex
206 1521 302 1582 eoque
315 1501 435 1564 reditus
451 1501 483 1562 in
494 1501 623 1582 pstriem
635 1503 702 1562 sor·
744 1503 853 1582 Opusu
866 1521 932 1582 peg.
946 1499 1033 1584 999).
1078 1502 1227 1562 Ceterum
1243 1503 1290 1562 illa

157 1597 268 1652 umam
282 1589 425 1669 exquirit.
445 1587 560 1648 Fabula
575 1587 702 1647 der-
743 1587 878 1648 narratio
904 1585 942 1646 de
976 1586 1070 1648 variis
1101 1588 1231 1662 formis,
1260 1590 1291 1648 iu

157 1687 203 1734 teo
221 1695 259 1736 ea·
272 1675 410 1756 Aegypto
432 1673 525 1734 ducta
543 1673 627 1734 haud
640 1671 701 1732 du·
743 1694 818 1754 quas
843 1689 874 1731 ae
906 1673 1137 1733 transmutabit
1168 1675 1291 1733 Ρνοιω

155 1760 220 1836 bie;
251 1761 334 1820 sedes
357 1759 420 1822 eius
440 1760 521 1841 opud
534 1757 702 1820 Homerum
745 1757 789 1841 (et
808 1757 890 1838 apud
909 1755 999 1834 elios,
1020 1769 1060 1820 nt
1075 1757 1291 1840 Pherecydem,

157 1845 195 1905 ed
218 1843 351 1906 Pharum
376 1847 522 1922 insulam,
546 1845 579 1904 in
597 1845 702 1904 littore
744 1843 844 1905 Sobol.
860 1841 1012 1924 Apollonii
1028 1843 1078 1919 IV,
1099 1849 1199 1920 1396,
1227 1849 1291 1906 Ne-

155 1941 224 1991 tum
242 1930 374 2008 desert03
399 1930 474 1991 hino
490 1932 522 1992 iu
538 1929 701 2010 Carpathio
743 1953 824 2005 reus,
847 1930 925 1988 cons.
942 1927 1085 2008 Apollod.
1103 1929 1142 2005 11,
1173 1929 1205 2005 5,
1232 1929 1292 2018 tt),

157 2018 299 2092 Neptsma'
310 2019 434 2095 gwga'ts
442 2061 452 2092 ,
475 2015 506 2076 h.
521 2017 607 2092 meri,
630 2035 702 2076 ver-
743 2016 887 2096 originem
900 2013 1012 2074 habere
1023 2015 1155 2075 videtur
1170 2035 1210 2075 ex
1221 2037 1292 2098 poe-

155 2109 240 2160 setur
275 2098 370 2182 (nam
399 2101 567 2182 Carpathos
604 2101 704 2161 insula
744 2099 1019 2180 tieoosmogonioia,
1040 2103 1218 2182 quirem
1232 2103 1290 2162 ori·

155 2185 291 2266 Aegypto
311 2186 439 2246 obverte
459 2185 532 2267 αεὶ),
559 2185 613 2246 sed
627 2187 703 2246 alte-
744 2189 825 2268 gines
845 2187 905 2246 suis
919 2187 1104 2248 carminibus
1120 2188 1290 2264 undenum,

155 2291 226 2332 rum
252 2271 355 2349 iilud,
389 2271 472 2350 quod
504 2272 702 2349 Emathium,
746 2283 777 2334 et
796 2293 906 2352 aquam
928 2271 1066 2333 omnium
1085 2293 1197 2334 reu-usn
1210 2275 1291 2354 priu-

159 2359 221 2417 late
239 2355 271 2419 h.
295 2357 315 2418 l.
338 2357 471 2433 dictam,
493 2367 525 2418 et
543 2359 701 2432 Pallenen,
746 2359 857 2440 cipium
884 2357 1052 2439 ponebant,
1083 2360 1177 2419 ouius
1192 2371 1290 2420 mana-

158 2453 391 2526 procurrentem
412 2443 494 2504 illam
513 2443 704 2506 Muoedouiae
744 2445 939 2506 formationes
954 2443 1116 2523 inreliqua
1131 2465 1290 2527 caporum

158 2530 192 2590 in
216 2530 345 2590 sormam
373 2529 547 2609 peninsulae
574 2538 704 2610 partam,
744 2549 878 2610 genera,
908 2528 1030 2608 ignem,
1064 2549 1172 2591 aeram
1197 2529 1290 2612 (oeni

158 2636 216 2696 pro
233 2619 341 2694 patrie
359 2616 387 2674 ei
409 2615 554 2695 eeugrrat,
581 2613 641 2675 hoo
655 2615 704 2674 sa·
745 2617 799 2676 snt
814 2613 995 2698 409410),
1017 2623 1049 2674 et
1060 2618 1117 2676 reb
1130 2617 1291 2698 aymbobea

157 2701 232 2763 bula
258 2701 359 2780 aliqua
386 2701 556 2779 antiquiore
581 2701 703 2776 nititur,
745 2701 804 2761 ista
818 2699 918 2761 sabula
938 2701 1141 2780 exponebant.
1187 2703 1291 2762 mun

160 2785 703 2866 eont.h.1.su·vium;qusssfism
746 2787 963 2866 aliitamquam
977 2805 1043 2846 rom
1055 2797 1291 2867 gataurnan-

160 2871 353 2954 Lyoophroni
374 2870 460 2933 Alex.
485 2873 618 2951 ttosqq.
640 2891 706 2932 me-
747 2882 831 2935 runt
888 2871 931 2930 De
955 2871 1067 2932 Proteo
1093 2873 1160 2933 vid.
1186 2873 1290 2956 Hyan

159 2967 306 3020 moratur.
326 2957 389 3018 vid
412 2955 552 3039 Apollod.
571 2958 614 3035 fl,
629 2959 659 3034 5,
674 2962 705 3036 9,
747 2959 872 3040 Orphiu
892 2957 1003 3020 XXIV.
1030 2958 1093 3018 Vix
1106 2959 1290 3040 itaquepro·

161 3054 191 3104 at
204 3045 298 3104 Notae
313 3063 343 3122 p.
360 3045 433 3110 886.
477 3043 569 3104 Forte
582 3043 706 3104 fuitilts
747 3044 846 3106 babile
867 3043 921 3120 fis,
947 3044 1070 3105 fabulae
1084 3045 1220 3106 tundam
1239 3047 1290 3106 ali-

161 3149 200 3190 ex
215 3129 323 3188 sabulis
342 3127 483 3209 Or'phiois
502 3147 576 3190 mox
594 3131 626 3188 iu
641 3129 706 3188 He-
747 3149 838 3208 quem
855 3129 888 3188 in
910 3149 946 3189 eo
960 3149 1043 3206 mse,
1065 3131 1154 3210 quod
1169 3153 1226 3194 m
1237 3135 1292 3192 ts-

160 3214 268 3276 radias
282 3213 411 3292 adsuita5
428 3235 503 3274 uam
515 3213 706 3274 Herculeain
746 3215 833 3296 gypti
852 3213 973 3274 nomine
995 3217 1126 3276 Proteus
1149 3219 1228 3296 suit,
1247 3219 1292 3298 qui

160 3301 197 3361 iia
212 3300 287 3360 loeis
300 3299 401 3360 Protei
413 3300 491 3360 filios
504 3299 625 3376 occidit,
645 3319 706 3378 quo
748 3297 846 3360 artem
863 3303 943 3362 inter
957 3299 1123 3382 aegyptios
1137 3314 1291 3365 natante-

161 3395 279 3468 speotet
298 3387 501 3466 fragmentum
525 3385 708 3446 narrationis
748 3395 849 3446 neret:
871 3385 954 3464 quod
973 3397 1062 3446 aurate
1075 3390 1290 3470 suspiciebatur,

86 3501 89 3510 ·
162 3472 246 3554 apud
269 3469 407 3532 Eustatln
433 3491 463 3551 p.
482 3473 555 3546 686,
572 3469 616 3536 24
645 3493 708 3550 φο-
748 3480 787 3533 ut
804 3471 863 3530 elie
883 3471 921 3531 de
941 3471 1062 3535 fabulae
1084 3494 1185 3554 apum
1211 3497 1289 3558 ιφ-

163 3555 339 3622 vesum
369 3553 403 3619 di
429 3560 492 3619 seio
520 3557 641 3620 seutdom
664 3553 710 3633 εἰς
748 3557 915 3619 randarum
935 3558 1063 3636 uanam,
1082 3561 1290 3642 virinffluioe

163 3637 403 3728 ὄροςθρᾳκικόν
417 3637 557 3706 ”Hsmov
578 3634 708 3723 ἆναβᾶς,
752 3643 860 3704 doetus
897 3641 936 3702 de
967 3644 1063 3704 Pauw
1091 3639 1290 3727 (Beniamin

162 3725 246 3812 s'q'ssut
272 3733 361 3804 θεοῖς
392 3720 639 3808 immunem
667 3727 711 3802 εἰς
745 3727 1115 3810 pbr'losopdsquassurles
1130 3735 1293 3815 Egyptian

163 3815 332 3896 Αἴγυπτον.
375 3811 526 3895 Orpbioae
542 3821 643 3874 antem
662 3811 711 3873 sa·-
753 3815 837 3876 Tum.
851 3813 876 3889 1,
888 3834 920 3894 p.
935 3812 1006 3879 174.
1020 3813 1109 3898 ¹75).

162 3900 254 3960 bulee
274 3899 315 3960 sd
333 3897 399 3958 illas
419 3897 548 3958 maxime
560 3906 711 3960 terrarum
795 3902 869 3964 888.
896 3902 969 3965 889.
996 3899 1139 3979 pisorbus
1159 3917 1189 3961 et
1214 3923 1294 3962 nera

163 3995 268 4068 partes
296 3993 442 4066 spectent.
485 3983 617 4046 Omnino
642 3983 712 4044 Pie-
752 3984 893 4064 bqiedum
921 4005 1065 4066 squonon
1092 3990 1215 4064 izemo,
1245 4005 1295 4070 pro

98 4063 103 4069 ’
163 4070 242 4132 n'sm
265 4077 297 4128 et
316 4069 430 4132 vicinae
450 4079 566 4151 putes,
588 4069 712 4130 etinter
753 4069 989 4151 uurupism‘bus
1001 4079 1035 4130 st
1045 4072 1133 4152 equis
1145 4073 1295 4155 bipedffiua

163 4155 221 4216 has
236 4155 385 4216 Pallenen
391 4200 401 4233 ,
426 4155 540 4235 aliquot
562 4155 712 4235 antiquis·
753 4156 872 4230 iuncto,
906 4153 939 4216 h.
962 4155 1047 4235 equis
1079 4160 1225 4237 marinis,
1249 4159 1293 4240 qui

164 4240 311 4300 simarum
323 4241 492 4302 fabularum
500 4240 712 4322 propn'nmse-
753 4239 920 4322 posteriore
932 4241 980 4304 sui
990 4253 1080 4322 parts
1091 4245 1126 4305 in
1140 4247 1235 4326 pison
1246 4245 1293 4305 ds·

166 4325 237 4384 dem
250 4341 328 4398 ease,
357 4325 415 4384 alio
438 4327 505 4386 loco
519 4327 713 4408 exposuimus
754 4327 902 4401 sinerent,
923 4327 1023 4407 qualia
1046 4341 1186 4391 monem-a
1201 4331 1291 4392 velex

165 4407 225 4488 (de
247 4407 358 4470 Musas.
380 4409 462 4489 relig.
489 4411 610 4492 eiusque
639 4412 712 4492 orig.
753 4411 927 4492 vulgaribus
955 4413 1083 4494 picturis
1110 4427 1186 4478 nota
1212 4425 1290 4488 aaut,
