2758 4990
158 340 235 418 est
399 337 727 416 P.V1RGIL11
771 335 1050 415 MARONIS

159 533 290 629 Atque
302 523 479 624 Ephyre,
505 533 625 624 atque
642 517 759 624 Opis,
786 537 826 600 et
841 525 929 601 Asia
939 523 1135 624 Deiopea,

159 635 209 710 Et
224 628 388 705 tandem
409 628 546 728 positis
559 625 672 704 velox
685 627 878 704 Arethusa
899 627 1056 725 sagittis.

159 740 270 812 Inter
287 755 383 834 quas
398 756 534 808 curam
546 729 737 829 Clymene
753 732 935 808 narrabat
947 733 1114 805 inanem
1221 733 1289 807 att

160 837 342 933 Volcani,
367 835 585 938 Martisque
608 834 728 912 dolos
745 849 784 912 et
799 832 1069 923 luctatum

212 980 299 1054 343.
324 977 522 1068 Daroraa3

197 1165 250 1220 845
268 1164 383 1236 Ephyra
401 1163 498 1216 Medic.
533 1167 626 1236 Epyre
637 1161 717 1216 Goth.
732 1178 773 1232 pr.
807 1175 836 1214 et
854 1164 924 1216 Asia
943 1160 1035 1213 Heius.
1065 1171 1133 1228 post
1152 1159 1295 1212 pterim

162 1235 259 1286 Medic.
279 1243 307 1284 et
322 1233 447 1302 pluribus.
484 1246 565 1306 atque
586 1231 673 1300 vulgo.
708 1233 772 1284 Post
791 1234 862 1286 Asia
885 1233 1004 1284 inserunt
1028 1243 1058 1282 et
1081 1227 1168 1281 Aldu
1188 1231 1254 1280 luat.
1272 1237 1296 1278 et

163 1303 239 1356 eliae.
280 1305 348 1355 Deio
368 1305 407 1362 ia,
431 1305 550 1374 illapsa,
573 1305 625 1354 D'o
645 1303 688 1353 eia
708 1301 763 1354 alii.
803 1304 850 1353 Est
868 1297 1016 1369 Δηιόκεω.
1058 1299 1162 1351 Hiatus
1184 1311 1227 1351 eat
1244 1311 1297 1368 psat

162 1375 283 1446 Ephyre.
317 1321 367 1442 vilz
388 1367 512 1441 Ἐφύρη,
532 1360 612 1440 ἤϊ’
657 1389 690 1432 ις.
749 1369 979 1426 344Attandem
994 1368 1297 1492 Mffiuelaoed‘m

163 1445 271 1512 scripta.
292 1443 364 1510 Wr.)
400 1443 482 1494 velox
492 1443 593 1514 positis
611 1440 700 1493 schol.
714 1439 792 1493 statii
808 1441 894 1493 Theb.
913 1442 943 1504 Ι,
961 1441 1023 1494 271.
1180 1440 1298 1507 Olym

165 1531 258 1564 curam
272 1513 325 1566 nrt.
361 1529 445 1564 curas
458 1513 552 1563 inania
566 1509 632 1562 Gal.
649 1520 677 1561 et
691 1527 754 1562 anua
766 1509 856 1564 Pierii.
870 1509 975 1560 refinxit
988 1507 1116 1561 watien:
1137 1509 1221 1559 Iam
1236 1525 1299 1578 pana

165 1583 290 1650 Clymene
304 1597 387 1632 curae
394 1579 531 1632 narrabat
542 1581 653 1632 inanes:
671 1580 823 1632 adhaeret.
835 1582 870 1645 V,
887 1579 963 1634 1430.
980 1577 1043 1630 0011.
1063 1579 1113 1642 111,
1137 1579 1202 1632 117.
1236 1595 1298 1629 aar·

165 1651 333 1704 ravr'tssoth.
349 1667 390 1719 pr.
425 1647 574 1704 mdabat
586 1649 642 1702 nrt.

163 1791 241 1865 bus,
277 1800 431 1868 tamquam
462 1789 643 1870 Nymphae,
675 1798 706 1848 et
746 1799 777 1848 et
811 1787 943 1848 amnium
976 1787 1062 1848 silvis
1096 1796 1132 1846 et
1161 1787 1298 1860 saltabat,

165 1876 287 1958 quidem
312 1876 494 1952 venatricem
526 1877 562 1936 cf.
584 1897 615 1936 v.
634 1873 705 1940 344.
748 1883 938 1935 contravero
955 1893 994 1932 ex
1014 1873 1183 1934 montibus
1200 1873 1297 1932 aaut·

207 1963 279 2026 343.
305 1963 384 2020 Asia
413 1981 432 2018 a
452 1971 556 2021 tractu
580 1961 708 2042 Lydiae:
747 1961 829 2020 tibus
854 1959 1000 2019 deductas
1030 1958 1176 2018 Oreades
1199 1970 1232 2018 et
1244 1959 1298 2018 Na-

164 2047 226 2110 vid.
247 2067 312 2126 sup.
345 2047 450 2126 Georg.
479 2045 507 2121 1,
525 2049 599 2111 383.
644 2043 709 2126 (De
749 2067 836 2127 paese
847 2045 1003 2106 venationi
1018 2045 1199 2120 immisceri,
1212 2045 1297 2104 adeo-

164 2131 312 2212 geminata
324 2131 533 2212 copulamque
545 2131 606 2192 vid.
621 2131 659 2205 Q.
672 2131 708 2191 V.
749 2151 807 2210 que
828 2132 942 2210 sagittis
964 2140 994 2189 et
1021 2131 1161 2190 arcubus
1180 2131 1294 2190 instrui.

163 2219 292 2294 XXXV,
308 2221 359 2281 23.
381 2225 411 2274 et
424 2219 476 2280 28.
502 2215 590 2298 Wr.)
636 2215 708 2281 344.
749 2218 795 2276 Ita
826 2217 919 2275 Diana
946 2215 1105 2295 Nymphas
1135 2219 1297 2276 venatrices

164 2304 316 2364 Aretlmaa
330 2303 426 2375 velox,
447 2321 517 2380 argo
530 2312 561 2360 et
574 2303 640 2384 ipsa
653 2321 709 2364 ve·
750 2323 789 2362 ex
808 2303 965 2362 Oeeaninis
989 2302 1061 2380 legit
1087 2303 1176 2382 apud
1190 2303 1296 2362 Gallim

165 2391 285 2466 natrix,
308 2409 377 2448 cum
390 2388 454 2447 ctio
466 2395 498 2447 et
514 2389 624 2468 Beroe,
645 2409 708 2467 po-
749 2389 781 2448 in
797 2389 881 2447 Dian.
896 2387 947 2451 42.
963 2385 1130 2467 Spanhem.
1152 2389 1195 2447 ad
1209 2409 1241 2448 v.
1254 2391 1295 2450 lb.

166 2479 232 2535 sitta
252 2477 390 2553 sagittis,
421 2493 498 2552 quaa
524 2483 592 2533 tum
612 2473 709 2554 depo-
749 2475 805 2534 inf.
828 2477 890 2538 383
908 2493 976 2532 cum
997 2481 1088 2552 patre
1105 2474 1234 2534 Oeeano
1252 2475 1295 2532 in-

166 2571 270 2622 suerat
280 2579 383 2636 arcus3
395 2579 467 2619 nam
480 2561 628 2620 assidebat
642 2559 708 2620 celo
750 2567 900 2620 vocantur
925 2557 1085 2638 Nymphae
1104 2557 1255 2622 silvarum
1269 2567 1295 2616 et

167 2657 234 2708 tum
253 2647 335 2706 inter
353 2655 477 2705 ceteras.
518 2646 629 2706 Parum
642 2645 709 2726 pla·
750 2646 879 2706 fontium
902 2645 1081 2724 promiscue.
1132 2645 1295 2705 offendunt

167 2741 233 2808 cet,
256 2732 339 2812 quod
357 2732 478 2792 Servius
498 2730 605 2792 habet:
633 2750 710 2806 „ne-
752 2740 852 2792 tamen
871 2731 922 2790 vel
942 2731 985 2790 sic
1003 2730 1110 2790 iuncta
1128 2733 1295 2792 internae

166 2817 269 2878 britlas
291 2815 451 2894 habentem
472 2817 525 2876 aad
545 2817 595 2878 hie
615 2835 710 2876 vena·
751 2817 791 2874 ad
805 2835 899 2876 unum
919 2835 1011 2894 genus
1032 2819 1130 2876 relata
1149 2837 1202 2892 aa,
1223 2833 1293 2896 qaae

166 2904 279 2963 taicum
299 2913 344 2962 est
367 2902 506 2977 habitus,
535 2922 625 2980 quem
641 2901 709 2962 ideo
752 2911 815 2960 tam
840 2901 951 2962 diversi
974 2903 1091 2980 generis
1120 2913 1204 2964 sunt
1240 2900 1295 2982 (tt

167 2986 314 3069 Nymphis
336 2988 402 3064 dat,
433 2991 507 3066 quia
526 2989 639 3046 multas
657 3007 709 3046 aas
750 2987 827 3046 hene
849 2989 934 3046 Serv.
959 2988 1083 3048 Diaei:
1118 2987 1294 3064 ‚attunt

167 3077 298 3152 legimus
312 3095 348 3130 ex
364 3072 709 3151 venmtbnssacmsf‘
749 3073 910 3133 rostrtS:
934 3093 1011 3151 quae
1030 3094 1068 3133 ex
1091 3075 1292 3134 venata-issia

167 3157 708 3237 QuomodotamenvenatticesNym-
749 3158 921 3240 Nympham
940 3177 1028 3218 versa
1047 3161 1191 3219 suerat.“
1238 3161 1293 3219 r·-

166 3243 244 3324 plue
251 3287 260 3318 ,
282 3243 315 3305 in
327 3244 453 3302 saltibus
467 3245 581 3304 versari
596 3245 707 3322 solitae,
749 3245 820 3305 bula
832 3245 898 3326 ipsa
912 3244 984 3303 satis
999 3255 1083 3304 nota.
1104 3245 1185 3305 Inde
1199 3265 1290 3308 emen·

167 3349 250 3390 nunc
275 3327 307 3386 in
338 3329 399 3387 imo
428 3348 577 3406 aquarum
602 3329 707 3404 bando,
750 3327 869 3407 danda,
904 3349 982 3409 quae
1006 3331 1148 3410 Heynius
1173 3333 1290 3413 scripa't

167 3415 224 3474 sub
240 3413 340 3488 terris,
361 3414 439 3474 inter
453 3413 607 3558 Nymphas
619 3435 708 3494 aqua·
749 3417 829 3477 Hine
849 3417 939 3474 etiam
959 3435 1034 3476 vera
1052 3417 1102 3477 vis
1123 3420 1212 3478 vocis
1232 3433 1289 3477 tm·

166 3520 238 3558 rum
268 3497 339 3560 deas
368 3501 469 3559 loctun
497 3499 535 3559 ha
558 3519 621 3576 ere,
656 3507 710 3560 aut
751 3503 820 3562 dam
834 3502 1020 3581 intelligitur.
1045 3501 1140 3585 Wr.)

167 3582 324 3664 Nymphae
344 3585 512 3644 Potamides
533 3595 564 3645 at
577 3585 710 3645 marinae
796 3585 867 3653 845.
889 3607 994 3647 amam
1006 3591 1132 3647 inanem
1155 3591 1288 3662 Volcani,

166 3670 249 3729 inter
261 3671 428 3732 venatrices
443 3670 626 3731 deasreserri
636 3693 711 3751 pos-
753 3673 889 3733 studium
920 3673 1008 3732 inane
1038 3673 1072 3732 in
1106 3674 1290 3735 observande

167 3755 248 3830 sint,
268 3756 339 3815 olim
353 3755 538 3816 dubitabam.
567 3758 712 3816 Necsun-
753 3757 890 3818 adultero
904 3767 935 3817 et
947 3757 1095 3816 sumenda
1111 3761 1200 3821 abeo
1213 3761 1293 3821 ultie-

169 3839 209 3900 do
231 3861 286 3900 suo
302 3859 404 3900 carere
426 3843 489 3902 visa
510 3851 556 3902 est
571 3861 606 3901 ea
620 3841 712 3902 dubi·
752 3863 807 3904 ne:
835 3853 873 3903 ut
898 3852 981 3903 recte
999 3841 1169 3905 Meieretto
1198 3869 1227 3928 p
1244 3849 1292 3919 293

167 3925 244 3984 tatio
260 3927 327 3986 viro
344 3927 434 3987 docto
449 3937 479 3988 et
493 3948 588 4007 aequo
602 3927 711 3988 harum
752 3949 821 3989 cum
834 3938 898 3988 rete
911 3929 1123 4006 fabricaretur,
1141 3953 1206 4010 que
1218 3931 1292 3992 tta·

167 4011 376 4071 rerumiudici
390 4013 522 4073 Ouwens
535 4015 622 4074 Noct.
636 4015 710 4093 flag.
753 4025 814 4076 tem
848 4035 916 4074 cum
949 4013 1066 4075 Venere
1103 4019 1292 4096 opprimeret

167 4113 200 4175 p-
219 4095 291 4160 605.
334 4099 454 4158 Scilicet
471 4099 633 4161 dicendtun
655 4109 709 4175 est,
750 4101 894 4180 Respexit
912 4100 1013 4160 locum
1044 4101 1158 4181 Odyas.
1178 4111 1219 4176 e,
1237 4105 1293 4167 2⁶⁶

168 4189 272 4262 poetas
296 4183 418 4242 omnino
441 4186 474 4243 in
500 4185 711 4268 Nympharum
751 4205 814 4266 sqq.
844 4185 905 4260 Qui
922 4185 1056 4247 fabulam
1084 4197 1160 4268 post
1188 4189 1292 4248 nome·

168 4265 325 4344 generibus
343 4267 545 4330 discernendis
566 4293 627 4331 non
640 4271 710 4332 ubi·
751 4293 821 4332 rum
837 4273 1046 4349 narraverint,
1068 4271 1159 4334 dabit
1177 4275 1292 4334 Wart-

168 4369 228 4428 que
250 4369 312 4410 ease
332 4352 427 4412 solere
450 4357 520 4416 satis
539 4357 661 4418 subtiles
676 4377 712 4417 ac
753 4355 830 4417 dori.
854 4357 938 4416 Tem.
958 4355 1010 4433 lv,
1024 4377 1056 4437 p.
1070 4359 1114 4423 58
1131 4359 1290 4419 Paeanis

168 4433 339 4516 diligentes,
361 4447 392 4498 et
411 4439 565 4522 Nymphas
580 4443 711 4504 fontium
752 4441 825 4510 346.
854 4445 969 4505 Mota
986 4442 1074 4504 dolor
1094 4444 1203 4506 eard·
1217 4444 1291 4506 delet
