2710 4998
182 389 274 444 cxlv
405 366 447 440 P.
472 359 689 440 VIRGILII
713 356 950 434 MARONIS
977 349 1103 433 VITA

187 567 267 636 ‚,est,
297 552 501 628 edmctireris‚
530 550 707 634 reliquisti.“
749 548 923 612 Praeclarus
940 549 1043 624 locus,
1065 547 1236 608 modonon
1254 559 1350 608 esset

187 643 323 706 mutilus.
367 639 470 704 Tertio
485 635 552 698 loco
571 641 714 700 Acrisium
727 638 913 710 Pollionem,
942 655 1030 716 quem
1043 635 1076 694 in
1088 633 1135 694 lris
1149 635 1245 694 terris
1261 656 1348 695 cum

185 729 312 810 imperio
331 727 420 788 luisse
439 744 531 804 supro
549 726 695 802 vidimus,
725 720 939 782 distribuendis
957 721 1034 801 egris
1053 721 1242 802 praefuisse,
1276 722 1349 782 elia

187 815 348 876 Servienne
364 810 583 891 compilationis
601 813 668 872 loca
688 810 852 872 affirmant:
880 807 920 870 ed
934 807 995 868 Ecl.
1009 807 1045 883 ll,
1062 812 1096 870 12
1120 807 1252 882 Poma,
1283 813 1349 888 qus'

187 924 221 962 eo
242 918 371 980 tempore
398 897 652 976 transpadanam
673 897 786 956 Italiae
805 907 927 973 partem
945 893 1061 954 tenebat
1081 905 1110 952 ee
1127 895 1217 972 agris
1226 916 1348 972 pmc-

188 1000 252 1048 emt
269 985 454 1046 dividendis.
500 984 539 1044 Et
559 984 698 1044 Donatus
716 983 751 1042 in
771 981 842 1041 Vita
864 980 978 1060 Virgilii
1000 977 1032 1060 ,1.
1054 982 1111 1044 36:
1138 983 1206 1038 Hie
1229 981 1345 1040 Pollio

192 1071 448 1151 transpadanam
467 1072 658 1147 provinciam
676 1067 817 1148 regebat,
846 1069 932 1125 censes
947 1067 1078 1146 savoie,
1111 1086 1182 1124 oum
1203 1079 1346 1126 vetem-

187 1162 290 1220 nis—
303 1158 375 1236 agri
402 1154 666 1230 abablium,
697 1175 767 1213 suos
792 1153 943 1232 regatus
971 1173 1032 1211 non
1054 1153 1167 1210 amuis.
1222 1154 1346 1212 Facta

187 1247 268 1304 enim
287 1240 506 1316 metrumne,
538 1262 608 1300 suos
628 1261 682 1300 seu
703 1239 832 1298 Claudio
852 1259 904 1296 eeu
916 1240 1006 1296 Arnb
1019 1237 1107 1296 datos
1126 1243 1344 1316 recuperavit

187 1331 358 1390 Obsosuum
381 1335 427 1386 est
448 1326 502 1405 qui
519 1327 636 1388 lectum
656 1325 711 1402 sit,
731 1333 768 1385 ut
786 1324 868 1386 idem
881 1325 1034 1403 negotium
1046 1322 1086 1382 sd
1098 1322 1201 1402 plures
1214 1325 1345 1384 referri

188 1425 296 1498 posset
339 1413 399 1472 Sed
422 1413 501 1473 sorte
521 1433 555 1472 ee
572 1413 640 1472 loce
659 1431 724 1472 rem
745 1409 924 1491 expedient,
947 1411 980 1470 in
997 1409 1105 1488 quibus
1120 1409 1254 1469 Alfenus
1271 1411 1344 1472 Ve-

187 1523 241 1562 rus
263 1499 390 1564 Pollioni
414 1499 518 1577 lugeto
542 1499 713 1558 successisse
732 1496 871 1558 truditur.
891 1499 975 1556 Serv.
994 1495 1034 1555 ad
1046 1495 1107 1554 Ecl.
1124 1495 1178 1570 lx,
1193 1500 1242 1560 29
1271 1498 1342 1556 Sa-

68 1599 72 1608 “
187 1609 224 1648 ne
239 1585 393 1646 blanditur
402 1583 515 1661 Alfene
542 1586 576 1644 V
572 1605 637 1658 am,
662 1587 734 1664 qui,
760 1584 897 1642 Pollione
905 1581 1040 1661 fugato,
1061 1582 1183 1658 legatus
1207 1585 1340 1642 Daru-

185 1671 322 1752 padans's
338 1671 529 1748 praepositus
549 1679 590 1730 set
614 1668 654 1728 ab
675 1671 833 1748 Augusto,
863 1676 894 1726 et
915 1667 954 1726 sd
975 1667 1035 1726 Eel.
1056 1666 1111 1741 Vl,
1128 1669 1147 1730 6
1169 1669 1340 1748 Aliifuso

179 1759 225 1838 fu
248 1769 356 1836 stoque
371 1756 480 1814 Asinio
496 1757 650 1830 Pollione,
672 1753 712 1814 ob
728 1756 868 1832 Aeginen
887 1753 1033 1832 Alfenum
1050 1754 1086 1811 V
1081 1773 1169 1810 anem
1183 1755 1339 1832 legalem

188 1866 203 1902 s
243 1845 397 1914 stitumm,
427 1843 482 1920 qui
519 1841 758 1920 Darupadunue
778 1841 955 1918 pmvbwiae
979 1851 1011 1904 ¹et
1037 1841 1123 1916 agris
1133 1867 1138 1884 ι
1150 1839 1339 1900 dividendus

186 1938 353 2008 praeesset,
376 1928 430 2006 qus'
445 1930 581 2000 curavit,
605 1947 642 1986 ne
666 1946 757 2004 ager,
788 1927 843 2004 qui
859 1927 990 2004 Virgilio
1002 1924 1290 2003 musmussuemt,
1315 1950 1337 1986 a

188 2015 335 2074 veteranis
348 2011 525 2092 aressmtur.
570 2011 689 2072 Habere
704 2031 760 2072 nos
772 2011 888 2090 putabo
900 2009 1032 2089 aliquid,
1054 2010 1137 2088 quod
1149 2011 1239 2089 sequi
1257 2033 1336 2093 pos-

190 2101 298 2174 simus,
319 2095 411 2169 modo
426 2095 589 2156 Pollionem
604 2116 639 2156 eo
655 2117 735 2158 enno
750 2097 887 2176 segetum
902 2117 963 2156 esse
978 2097 1133 2176 probabile
1152 2095 1221 2156 fieri
1236 2109 1336 2178 pote-

189 2185 239 2245 rit.
283 2184 357 2244 Erat
369 2183 394 2242 is
408 2181 449 2241 M.
466 2181 591 2242 Antonii
608 2181 735 2260 amicus3
756 2191 787 2242 et
799 2183 900 2242 statim
919 2203 938 2240 e
950 2183 1161 2244 triumviratus
1174 2183 1253 2242 inde
1272 2207 1334 2266 pe-

189 2271 289 2330 ctione
307 2269 343 2328 U.
364 2269 396 2329 G.
416 2273 477 2332 711
502 2267 615 2328 Galliae
637 2267 803 2348 Cisalpinae
826 2269 864 2326 eb
888 2268 1020 2328 Antonio
1038 2269 1209 2350 preelectus
1224 2271 1336 2332 suerat

191 2353 243 2438 (of.
264 2353 387 2416 Mertiu.
411 2373 442 2434 p.
465 2352 590 2436 XLIII);
611 2353 671 2414 boc
691 2375 788 2431 enno,
817 2359 898 2430 713,
919 2355 1079 2418 Octaviani
1100 2355 1202 2435 copiae
1217 2357 1260 2416 sb
1274 2359 1334 2418 Al-

188 2443 274 2522 pium
286 2441 420 2500 transita
431 2439 620 2520 prohibuisse
631 2449 835 2518 memoratur,
856 2441 919 2501 vid.
937 2439 1064 2522 Appian.
1083 2461 1113 2524 p.
1132 2445 1229 2517 1088,
1255 2445 1333 2504 etin

188 2527 270 2588 bello
283 2527 426 2590 Perusino
445 2526 509 2586 eius
524 2525 561 2586 fit
579 2527 660 2587 inter
682 2526 772 2588 duces
793 2525 983 2588 Antonianos
1001 2529 1132 2603 mentio,
1149 2528 1204 2606 qui
1220 2530 1332 2591 Salvi-

190 2614 312 2674 dienum
333 2632 349 2672 e
370 2611 473 2672 Galliis
493 2613 660 2673 Octevisno
679 2613 780 2692 copies
799 2613 1000 2674 adducentem
1020 2615 1197 2695 persequuti
1204 2660 1214 2690 ,
1238 2626 1276 2676 et
1298 2617 1331 2676 L

189 2699 324 2763 Antonio
343 2698 495 2780 suppetias
514 2699 592 2758 serre
609 2699 743 2758 cunctati
757 2709 839 2773 sunt,
850 2700 921 2760 ibid.
934 2721 1000 2782 peg.
1015 2704 1169 2778 tosrsqq.
1216 2701 1331 2776 Quum

189 2788 221 2848 t.
242 2785 393 2847 Antonius
415 2804 495 2844 anno
518 2785 654 2864 sequenti
672 2805 704 2844 se
727 2785 902 2847 dedidisset:
931 2805 1000 2846 cum
1015 2786 1067 2862 iis,
1091 2803 1166 2864 quas
1176 2785 1330 2865 babebat,

189 2872 282 2954 copiis
298 2870 392 2932 Pollio
403 2871 556 2951 proiectus
568 2880 629 2948 est,
651 2880 688 2931 ut
701 2869 837 2934 Antonio
857 2873 889 2932 in
902 2873 1017 2933 ltslism
1031 2871 1164 2932 venienti
1175 2893 1330 2936 ooeurre-

188 2967 253 3034 ret5
273 2957 306 3016 in
323 2957 432 3018 itinere
457 2955 621 3016 Domitium
639 2977 709 3018 cum
731 2959 823 3039 copiis
845 2957 902 3018 sibi
929 2958 1077 3019 adiunxit.
1100 2955 1164 3018 vid.
1189 2959 1328 3042 Appien.

189 3063 219 3121 p.
237 3045 330 3106 1118·
347 3041 439 3106 1114.
460 3041 562 3102 Vellei.
576 3043 615 3118 ll,
633 3047 675 3108 76
704 3045 795 3103 Nam
810 3045 910 3104 Polb'o
923 3047 1050 3103 Acrisius
1063 3065 1134 3104 oum
1145 3060 1265 3123 septem
1281 3050 1328 3107 le-

187 3125 331 3204 gionibus
345 3126 400 3186 dm
415 3139 526 3186 retenta
542 3131 576 3186 in
584 3140 731 3207 potestate
747 3131 874 3190 Merui
893 3132 1038 3206 Venetae,
1062 3134 1185 3208 magius
1200 3139 1327 3210 merio-

149 3277 151 3282 ,
189 3213 288 3290 sisque
300 3209 385 3269 rebus
398 3213 480 3270 eirca
492 3213 633 3276 Altusune
645 3216 784 3295 eliasque
797 3217 861 3274 es'au
877 3218 1009 3295 regennis
1020 3213 1104 3274 urbes
1119 3216 1207 3277 editis
1219 3219 1327 3278 Asto-

189 3297 275 3354 ne'nne
282 3307 404 3374 petens,
426 3317 544 3376 vagum
562 3299 664 3359 adhuc
677 3302 849 3360 Domitium
861 3305 1011 3360 -tansis
1021 3302 1165 3361 mnino.
1212 3303 1326 3364 Potuit

188 3381 291 3462 itaque
302 3381 382 3444 inter
393 3379 447 3441 bes
457 3401 560 3444 rerum
572 3385 789 3446 vicissitudines
801 3386 881 3461 fieri,
904 3397 941 3446 nt
951 3385 1045 3447 Pollio
1060 3406 1098 3446 ex
1112 3387 1191 3467 agris
1204 3390 1326 3450 Trans·

188 3467 312 3549 padanis
326 3468 535 3548 expelleretur.
577 3469 666 3532 Nunc
680 3481 783 3532 eutem
794 3473 827 3532 in
844 3471 956 3552 Alfeno
974 3476 1058 3535 Varo
1070 3493 1170 3534 novae
1184 3474 1325 3537 difficul-

188 3563 266 3616 tates
285 3553 444 3632 oriuntur‚
476 3575 566 3634 quem
590 3557 721 3618 nobilem
738 3559 842 3619 lCtum
860 3559 939 3618 mele
958 3560 1045 3618 nobis
1066 3561 1267 3622 Grammatici
1291 3564 1324 3622 in

67 3701 70 3712 ,
187 3639 264 3700 haec
280 3650 419 3721 tempore
434 3640 590 3702 intrudere
611 3643 765 3704 videntur.
787 3644 850 3706 vid
867 3643 1058 3724 Argamum
1074 3646 1123 3706 vt.
1168 3649 1201 3708 si
1215 3659 1324 3710 temen

188 3727 260 3786 satis
273 3745 304 3786 ss
321 3726 359 3786 de
378 3746 558 3806 questusque
579 3727 637 3788 alio
660 3730 740 3790 Vero
756 3729 891 3791 narratio
914 3731 952 3790 de
975 3751 1115 3811 egrerum
1129 3733 1323 3796 Mantuano-

188 3831 258 3872 rum
276 3812 439 3873 metelione
457 3813 645 3892 probaverit:
671 3824 704 3876 et
723 3816 782 3876 suit
794 3815 899 3895 aliquis
920 3817 1016 3877 Verus
1028 3817 1153 3898 Virgilio
1170 3821 1322 3882 eminen-

187 3917 269 3972 mus,
291 3898 348 3958 etsi
365 3899 432 3977 quis
452 3898 502 3958 ille
522 3898 630 3974 bresit,
657 3921 721 3962 uon
742 3900 783 3960 ed
798 3901 946 3980 liquidum
966 3903 1091 3983 perduci
1110 3915 1230 3985 potest:
1252 3909 1320 3968 viu

188 3983 356 4044 Excursll
375 3983 415 4042 ad
436 3983 555 4062 Bucol.;
583 3993 651 4044 tum
670 3983 746 4048 elius
769 4005 808 4045 ex
828 3987 974 4050 Serviano
992 3999 1123 4052 centone
1142 3991 1230 4052 locus
1253 4013 1320 4054 non

187 4075 251 4139 tem
266 4067 334 4128 falsi
354 4069 560 4146 convincitur,
582 4069 656 4130 dum
670 4071 795 4132 innuere
808 4072 949 4150 videtur,
969 4074 1072 4154 plures
1089 4075 1121 4136 in
1132 4077 1170 4136 iis
1182 4079 1320 4158 regioni-

186 4153 244 4212 bus
263 4151 504 4214 Triumvirorum
524 4155 644 4236 negotis
663 4177 798 4218 curasse:
826 4159 867 4218 ed
888 4160 949 4221 ret
972 4161 1022 4237 Vl,
1043 4162 1085 4226 64
1116 4164 1261 4224 Gallus
1275 4197 1320 4212 -·

187 4241 243 4319 qui
255 4249 283 4297 et
296 4259 318 4296 a
335 4239 510 4300 rumim
521 4245 714 4320 praepostus
723 4243 794 4324 fisis
809 4245 854 4304 ad
869 4246 1036 4326 exigendas
1047 4253 1200 4326 perimens
1214 4250 1254 4309 ab
1267 4252 1318 4309 nis

186 4325 377 4402 muru'erpe'e'e,
400 4345 526 4404 qnorwn
539 4330 611 4405 agri
623 4331 657 4387 in
675 4330 899 4420 Despectam
917 4335 1037 4412 regione
1054 4353 1116 4392 non
1134 4335 1317 4395 divideban-

187 4421 245 4470 tur.
288 4409 417 4470 Potuera
439 4409 515 4472 edes
536 4431 605 4478 cum
623 4413 761 4476 Pollione
786 4435 889 4476 omnes
914 4415 959 4478 illi
981 4438 1057 4498 quos
1083 4422 1317 4484 memoravimus
