2710 4998
171 413 251 508 '12
400 386 474 503 n's
502 427 771 549 cannrnu
798 427 1112 504 aucorroo

197 627 299 692 snnt.
345 603 585 713 smplicitas
600 625 640 686 et
653 611 834 687 naturalis
850 611 976 713 aliqua
988 569 1330 707 iendstasomnia

199 741 243 793 eo
267 719 489 812 continent,
531 739 632 816 quae
655 715 851 816 copiosius
870 715 924 789 ab
945 713 1026 795 aliis
1047 715 1121 790 hac
1144 717 1184 789 in
1207 727 1348 815 parte‘

198 819 390 920 disputata
417 830 519 896 sunt
571 821 618 894 In
639 817 715 898 trac
736 817 818 918 ipsa
838 831 972 894 tamen
997 814 1329 918 sinplicitateex-

197 916 433 1005 cluditurex
445 921 524 996 hoc
537 942 705 1020 genere,
733 921 940 1022 quicquid,
975 916 1046 998 etsi
1068 923 1196 1022 ipsam
1219 923 1328 996 vitae

195 1027 372 1106 rusticae·
396 1026 599 1103 veritatem
627 1024 826 1123 exprimit,
878 1027 1073 1123 ingratum
1101 1037 1243 1099 tamen
1277 1026 1327 1098 ad

195 1153 357 1207 sensum
372 1153 418 1204 ac
429 1127 644 1206 molestum
659 1141 736 1215 est;
770 1152 903 1228 neque
924 1127 1033 1206 adeo
1047 1125 1327 1204 admittendae

195 1231 478 1327 sunt-sordes,
507 1255 608 1331 quae
630 1253 817 1305 nauseam
837 1243 1035 1326 moveant,
1067 1252 1152 1305 non
1172 1231 1348 1314 verbo-¹

194 1359 285 1410 rum
316 1335 508 1416 rusticitas
528 1347 567 1409 et
589 1335 796 1432 asperitas,
834 1359 919 1408 non
947 1333 1109 1432 agrestis
1131 1347 1175 1408 et
1199 1331 1325 1408 foeda

192 1437 416 1538 spurcitiesz
444 1442 521 1538 'qua
545 1437 586 1512 in
601 1436 773 1512 =re'haud
785 1439 900 1538 pauci
921 1436 1076 1534 egregie
1090 1434 1175 1510 falsi
1190 1433 1324 1526 fuere,

195 1539 294 1617 dum
324 1540 550 1619 imitationis
578 1539 783 1618 veritatem
813 1540 916 1616 male
948 1541 1144 1620 iactarent.
1197 1543 1323 1614 Posse
1347 1585 1348 1624 i

194 1667 289 1718 sane
304 1655 492 1718 cumane
515 1655 662 1718 et-cum
678 1643 1026 1740 ingeniocarmine
1038 1642 1156 1721 reddi
1172 1645 1322 1736 omnia,

195 1747 281 1846 quis
297 1753 440 1844 neges?
492 1750 695 1841 Quorsum
714 1759 849 1823 tamen
862 1746 1020 1822 studeas
1034 1746 1233 1822 imitando
1259 1772 1321 1822 ex-
1347 1805 1348 1820 ,

193 1847 367 1950 primere
382 1873 440 1943 es,
466 1844 655 1950 aquibus,
682 1849 713 1924 si
729 1873 837 1924 casus
858 1848 1054 1942 obtulerit,
1081 1849 1224 1926 oculos
1240 1852 1322 1926 ani-

192 1976 387 2052 mumque
399 1954 638 2031 avertimus?
664 1966 705 2028 et
718 1975 819 2052 quae
828 1952 893 2028 illa
912 1952 995 2028 laus
1016 1975 1101 2034 esse
1117 1966 1268 2054 potest,
1290 1955 1319 2026 si
1347 2007 1348 2046 ,

193 2055 411 2130 imitatione
433 2079 478 2130 ea
499 2055 606 2142 bene
626 2053 869 2152 reddideris,-
904 2055 1064 2160 quihru,
1105 2057 1138 2130 si
1158 2057 1201 2131 in
1230 2081 1319 2131 vera
1347 2123 1348 2130 ,

192 2157 268 2234 vita
283 2159 533 2256 expresseris,
560 2159 747 2236 omnibus
760 2160 933 2256 ingenue
952 2161 1050 2258 natis
1064 2159 1319 2260 importunus

155 2285 237 2345 ..ac
269 2259 468 2340 molestus
487 2259 721 2364 foedusque·
741 2261 931 2349 videaris?
984 2267 1149 2358 Contra,
1187 2263 1317 2338 modo

191 2363 343 2464 placeat
365 2378 483 2464 posta
512 2390 555 2441 ac
578 2365 768 2462 delectet,
809 2367 842 2441 si
863 2367 1027 2444 consilio
1052 2380 1126 2442 suo
1146 2390 1317 2466 respon·
1347 2421 1348 2438 ,

193 2467 289 2544 dere
316 2467 511 2547 eiusmodi
527 2467 729 2547 audaciam
744 2467 886 2567 videat,
913 2471 1009 2574 quid
1025 2495 1118 2546 eum
1131 2483 1245 2546 vetet
1260 2473 1317 2544 in-

190 2569 351 2648 terdum
384 2569 447 2646 ad·
460 2573 673 2668 mythicam
696 2571 914 2650 hominurn
929 2639 930 2644 ,
944 2573 1064 2650 vitam
1091 2594 1166 2648 nos
1199 2598 1316 2648 revo-

192 2697 298 2769 care,
322 2685 365 2749 et
384 2673 505 2750 talem
529 2699 665 2752 rerum
690 2675 893 2775 ordinem,
918 2675 1105 2772 modum,
1134 2689 1175 2752 et
1194 2678 1315 2751 situm

192 2773 416 2873 exhibere,
437 2779 504 2879 qui
537 2777 668 2860 nullus
701 2803 880 2880 unquam
914 2782 987 2858 nisi
1024 2781 1065 2855 in
1098 2779 1314 2856 hominum

192 2881 345 2978 egregia
373 2881 611 2979 imaginandi
640 2883 678 2957 ri
705 2881 942 2982 pollentium
972 2883 1110 2961 animis
1144 2881 1244 2971 suit;
1274 2909 1313 2957 ea

190 2997 324 3058 tamen
352 2987 535 3065 cautione
564 2984 754 3080 adhibita,
786 3000 832 3062 ut
857 3011 910 3064 nc
933 2984 1313 3086 incredibiliaplane

191 3099 231 3160 et
251 3085 308 3163 ad.
322 3102 576 3185 praesentem
586 3091 688 3164 vitae
712 3089 1042 3168 consuetudinem
1059 3090 1170 3169 nullo
1185 3089 1312 3164 modo

189 3189 410 3264 verisimilia
429 3189 562 3290 fingat.
612 3191 820 3271 Interdum
840 3217 936 3270 vero
960 3193 1169 3294 quidecim
1192 3214 1312 3290 nege-

188 3315 279 3367 mus
300 3291 506 3393 antiquam
518 3296 868 3394 vitaepastoritiae
887 3297 1083 3375 rationem
1107 3296 1311 3394 elegantiis

151 3409 156 3424 ’
190 3408 231 3472 et
252 3393 400 3474 deliciis
424 3421 446 3472 e
467 3412 601 3476 nostra
624 3399 700 3473 vita
715 3401 857 3499 petitis,
883 3401 1009 3476 modo
1031 3401 1121 3476 satis
1142 3424 1311 3475 consen-

188 3513 326 3574 taneae
363 3499 460 3597 sint,
506 3514 731 3602 temperare
768 3504 983 3580 commode
1049 3510 1170 3580 osse?
1222 3509 1308 3582 Non

184 3603 298 3677 'enim
325 3616 462 3678 natura
481 3603 599 3680 huius
620 3602 801 3683 carminis
828 3608 958 3682 statim
979 3621 1021 3682 to
1064 3621 1146 3697 tur,
1189 3607 1223 3682 si
1246 3631 1307 3680 na-

188 3706 320 3782 turalis
341 3705 577 3806 simplicitas,
602 3708 734 3808 paullo
756 3707 958 3788 horridior
977 3708 1083 3786 forte
1104 3708 1168 3785 illa
1191 3723 1233 3786 et
1253 3712 1307 3784 in-

190 3807 346 3906 cultior,
386 3823 521 3886 nostra
547 3824 750 3886 venustate
774 3826 814 3888 et
837 3811 1025 3914 elegantia
1046 3827 1308 3912 temperetur:
1347 3853 1348 3856 ¹

189 3931 431 4012 quamquam
478 3914 562 3988 rior
581 3904 647 3988 illa
665 3915 844 4010 ingenuis
864 3918 1002 3992 animis
1022 3917 1218 3992 maiorem
1241 3940 1306 3990 vo-

188 4011 379 4114 luptatem
401 4041 427 4100 a
463 4039 550 4092 erre
580 4015 691 4094 solet
744 4021 855 4112 Quae
881 4043 945 4096 res
971 4019 1034 4094 vel
1061 4022 1147 4122 ipso
1175 4019 1305 4095 Tlreo-

189 4115 273 4199 criti
302 4129 342 4190 et
369 4111 536 4217 Virgilii*
555 4118 735 4220 exemplo
769 4121 956 4197 declarari
988 4135 1029 4198 et
1056 4121 1304 4222 comprobari

188 4231 329 4319 potest.
379 4220 485 4298 Illius
514 4222 621 4297 enim
642 4246 762 4323 quam
783 4223 1000 4326 simplicior
1021 4240 1060 4302 et
1080 4228 1215 4302 verior
1235 4225 1303 4298 hu-

187 4320 419 4421 militatique
468 4325 688 4422 argumenti
724 4328 1061 4406 accommodatior
1095 4341 1156 4405 cst
1191 4329 1303 4402 ratio!

188 4425 304 4502 huius
324 4442 590 4528 veroquanto
614 4428 829 4536 elegantior
853 4445 892 4509 et
912 4433 1104 4510 ornatior!
1139 4431 1221 4507 Sed
1239 4431 1302 4505 ha-
