2710 4998
206 421 278 476 exn
572 397 964 476 TESTIMONIA

205 586 349 654 Caesaris
367 584 420 650 hio
434 582 569 672 placido
588 597 676 651 nutu
689 597 890 675 repetuntur
904 584 1009 673 agelli.

204 671 263 740 His
278 683 392 738 auctus
408 671 535 735 maritis
550 692 627 736 oum
641 671 738 759 digna
756 671 937 760 rependere
951 671 1064 738 vellat:

204 759 334 826 Invenit
347 777 498 836 carmen,
520 777 589 842 qno
603 778 742 821 munera
756 757 884 822 vincere
895 768 1019 844 posset.

204 842 339 910 Praedia
355 842 409 907 dat
422 841 556 922 Caesam
584 863 733 928 qnorum
749 841 855 907 brevis
872 863 951 907 nsua
965 841 1122 908 habendi:

204 927 335 994 Obtulit
348 926 399 992 hio
413 925 543 1008 landas,
566 947 648 1014 quas
663 931 788 993 saecula
804 927 896 993 nulla
911 927 1071 994 silescant.

268 1011 695 1101 Pastorescacinitprimos.
740 1013 811 1078 Hoo
827 1013 975 1078 carmine
987 1012 1114 1078 Consul
1158 1019 1162 1026 '

194 1097 312 1164 =Polli0
327 1096 498 1177 laudatur,
520 1109 572 1162 tar
586 1119 620 1162 se
635 1099 864 1164 revocantibus
879 1100 972 1163 annis
1297 1099 1333 1163 95

204 1184 413 1272 Composito.
460 1183 537 1248 Post
552 1182 631 1250 haec
646 1184 735 1248 ruris
752 1195 925 1271 praecepta
940 1182 1070 1248 nolendi
1123 1189 1130 1212 ⁸

204 1268 362 1350 Quatuor
380 1268 537 1358 exposuit
551 1267 662 1349 libris,
686 1279 717 1334 at
733 1267 911 1334 commodo
929 1279 1037 1332 terrae

203 1353 360 1433 Edocuit,
383 1353 522 1440 geminis
537 1375 625 1418 anno
640 1353 751 1418 minua
765 1353 876 1418 omnia
891 1351 1012 1417 lustris.

118 1472 120 1480 ¹
204 1437 286 1504 Inde
301 1438 503 1504 cothurnato
519 1437 873 1526 Teucrorumpraelio
887 1458 986 1501 versu

203 1523 246 1588 Et
258 1522 424 1590 Rutulum
438 1525 558 1588 tonuit.
603 1523 734 1590 Bissena
748 1521 918 1590 volumina
930 1544 1023 1588 sacro

204 1607 372 1675 Formavit
388 1607 507 1672 donata
523 1607 615 1685 duci,
634 1607 801 1673 trieteride
814 1618 941 1694 quarta.
1121 1608 1137 1670 .'

267 1693 330 1758 Sed
345 1687 416 1757 losa
424 1739 433 1771 ,
456 1714 540 1778 quae
552 1691 643 1779 vulgi
656 1695 856 1758 memoravit
867 1691 987 1759 tradita
1000 1689 1090 1760 foma

203 1777 369 1866 Aequoris
382 1788 414 1843 et
427 1789 550 1856 tarrae,
571 1779 685 1842 statuit
699 1799 895 1866 percurrere
907 1787 1005 1860 vates,

204 1863 334 1928 Certins
357 1873 396 1927 ut
413 1861 507 1928 libris
531 1861 630 1928 ooulo
651 1863 793 1930 dictante
814 1873 954 1928 notaret.

204 1949 376 2036 Pergitur:
399 1958 438 2012 ut
451 1945 613 2013 Calabros
627 1949 750 2034 tetigit,
773 1947 879 2014 livore
892 1947 1024 2012 nocenti

203 2033 398 2113 Parcarum,
420 2031 597 2099 vehemens
610 2033 739 2098 luxavit
751 2045 895 2120 corpora
910 2033 1062 2098 morbus.

204 2117 263 2184 Hic
275 2118 335 2186 ubi
349 2117 541 2206 languores,
564 2130 596 2184 et
611 2117 678 2184 fata
693 2118 850 2184 minantia
864 2118 980 2184 sensit:

632 2287 654 2330 ἡ
755 2287 778 2330 ἡ
879 2289 902 2331 ἡ

490 2459 610 2528 Cetera
629 2459 774 2528 deerant
792 2460 830 2526 in
844 2457 1040 2548 examplari.

739 2682 853 2759 11'

314 2856 371 2924 De
392 2856 547 2946 operibus
573 2854 608 2922 V
610 2855 788 2945 irgilionis
809 2824 931 2924 incerti
953 2857 1112 2925 auctores.
1136 2855 1221 2923 idid.

602 2957 660 3026 lib.
683 2959 735 3025 ΙΙ.
756 2959 824 3048 Ep.
848 2965 919 3026 173.

201 3093 396 3160 Maeonium
415 3094 488 3182 quis
513 3095 563 3159 uis
577 3093 750 3160 Romanus
765 3095 866 3160 nesoit
881 3095 1081 3176 Homerum,

265 3179 321 3244 Me
335 3179 436 3265 legat,
459 3117 627 3244 otientum
642 3179 752 3245 eredat
764 3191 949 3270 utrumque
968 3179 1038 3245 sibi.

200 3262 294 3331 lllius
310 3263 491 3329 immensos
509 3265 652 3330 miratur
667 3265 800 3331 Graecia
816 3288 968 3354 campos:

265 3351 324 3414 Ast
336 3349 450 3414 minor
462 3360 510 3428 est
524 3349 636 3434 nobis,
657 3350 715 3416 sed
732 3351 813 3418 bene
825 3350 951 3430 cultus,
974 3371 1059 3438 ager.

200 3435 277 3503 Non
293 3446 426 3523 pastor,
448 3433 569 3524 milano
582 3458 641 3502 neo
657 3459 778 3502 curvus
794 3437 898 3502 deerit
913 3447 1033 3503 orator.

264 3521 350 3588 Haeo
363 3519 471 3587 Graiis
486 3531 639 3588 onustant
650 3523 795 3611 singula,
817 3523 904 3588 trina
919 3521 1011 3588 mihi.

726 3743 796 3822 111

319 3913 538 3982 ancrnor
567 3913 632 3982 na
664 3875 917 3983 vrnarmo.
950 3913 1208 4004 arnapam

198 4045 248 4113 De
260 4069 403 4115 numero
422 4063 535 4117 vatum
549 4051 576 4116 ai
590 4049 712 4140 quisae
738 4063 817 4117 onnt
829 4051 1031 4130 Homerum,

262 4133 443 4200 Proximus
462 4137 607 4224 apriano
620 4147 697 4202 tum
712 4074 827 4218 itam,
855 4137 989 4226 primns
1006 4138 1078 4202 erit.

199 4217 281 4286 Etsi
299 4229 377 4306 post
391 4221 544 4308 primum
561 4221 658 4288 Maro
673 4233 855 4310 seponatur
868 4223 1074 4290 Homerum:

263 4306 376 4392 Longe
389 4305 453 4371 erit
468 4329 485 4374 a
499 4307 630 4398 primo,
653 4309 794 4396 quisque
807 4309 973 4374 secundus
986 4307 1058 4374 orit.

230 4511 263 4577 11,
276 4511 294 4566 5
307 4483 398 4564 dantia
410 4508 443 4563 ai.
460 4509 536 4580 delia
548 4510 648 4564 melina.
698 4514 741 4579 ΙΙΙ,
751 4511 890 4584 4quiaqna
904 4531 977 4567 mora
992 4512 1120 4568 sariorum
1132 4529 1182 4585 pro
1196 4513 1303 4584 quinqua·
