2710 4998
197 413 287 468 cerv
570 391 949 468 ARGUMENTA

152 625 157 632 -
196 580 342 648 Mezenti
359 579 450 645 ducis
468 579 604 645 exinvias
619 599 795 664 caesosque
815 575 953 656 sodales,
1021 587 1028 600 '

195 665 239 732 Et
259 666 392 730 Latium
407 687 564 753 proceret
578 663 748 730 Diomedis
761 663 847 728 dicta
857 659 994 738 referre,

196 751 290 817 'sum
303 750 409 838 qualia
426 771 557 838 pugnae
571 749 721 814 succedat
739 746 1041 814 EtruscaGamilla.

601 901 928 956 DUODEGIMI

197 1007 336 1073 Turnus
351 1018 391 1072 ut
410 1006 569 1073 infractos
585 1005 718 1072 vidisset
746 1003 791 1090 et)
804 1004 953 1092 undique
970 1027 1090 1084 caesos,

197 1093 301 1160 Ultro
315 1091 531 1158 Anchisiaden
548 1092 636 1158 bello
655 1113 716 1180 per
748 1090 866 1155 cedern
880 1095 1004 1178 poecit3

197 1179 293 1260 Quae
309 1176 452 1243 Iuturna
465 1190 563 1267 parat
577 1175 779 1254 convellere3
801 1175 855 1241 sed
872 1186 982 1242 tamen
1002 1176 1105 1240 armis
1311 1181 1347 1246 55

197 1261 344 1344 Occidit,
367 1273 399 1329 et
416 1275 555 1354 pactum
566 1263 666 1351 liquit
678 1283 755 1328 oum
770 1262 911 1350 coniuge
929 1283 1086 1349 regnum.

643 1500 733 1576 vn
766 1502 871 1596 (xv)

196 1657 326 1728 Incerti
350 1657 497 1734 Poetae,
534 1653 625 1744 apud
650 1653 833 1720 nonnullos
868 1654 1001 1734 Ovidii,
1043 1655 1280 1724 Tetrasticha
1310 1661 1342 1723 iu

532 1757 714 1845 Georgica.
728 1757 820 1826 thid.
835 1757 905 1848 Ep.
922 1763 992 1826 189.

594 1911 923 1966 PRAEFATIO

201 2014 318 2098 Qualis
333 2015 516 2097 Bucolicis,
528 2030 685 2103 quantus
701 2013 820 2080 tellure
839 2015 1020 2094 domanda,

199 2101 349 2179 Vitibus,
373 2101 632 2188 arboribusque,
656 2099 793 2188 apibus,
841 2101 1010 2187 ecorique,
1031 2101 1182 2189 salisque

198 2187 388 2253 Aeneadum
401 2186 503 2253 fuerit
516 2197 622 2268 vetes,
644 2123 852 2254 Tetrasticilb
863 2185 980 2252 dicent

198 2273 374 2340 Continent
389 2294 474 2361 quae
491 2270 745 2361 quoquolibet,
766 2269 839 2358 lege
857 2273 1003 2340 carmina
1015 2282 1141 2338 nostra.

671 2425 835 2478 PRIMI

169 2609 170 2618 ἵ
200 2529 290 2612 Quid
309 2530 405 2597 faciat
420 2531 518 2598 laetae
531 2543 672 2618 segetes:
695 2551 781 2617 quac
792 2528 897 2594 sidera
912 2540 1019 2596 eervet

202 2617 370 2704 Agricola,
393 2629 431 2682 ut
444 2615 575 2684 facilem
589 2627 714 2681 terram
730 2615 922 2702 proscindat
938 2615 1067 2694 aratris,

198 2701 332 2768 Semina
346 2723 414 2792 quo
432 2702 573 2770 iacienda
587 2701 708 2780 modo,
731 2700 909 2788 cultusque
921 2699 1087 2782 locorum,

197 2787 243 2854 Et
255 2810 375 2854 mesces
392 2786 505 2854 docuit
521 2809 644 2874 magno
658 2787 741 2852 olim
757 2784 896 2852 foenore
911 2785 1014 2852 reddi.

630 2939 883 2994 SECUNDI

197 3045 360 3110 Hactenus
376 3065 535 3111 arvorum
549 3043 676 3124 cultus,
700 3055 730 3110 et
743 3043 848 3109 nidera
863 3042 965 3108 caeli.⁴

196 3129 391 3216 Pampineus
403 3130 491 3194 canit
503 3130 578 3195 inde
592 3152 720 3208 comae,
742 3129 841 3194 colles
867 3152 908 3194 ue
923 3129 1072 3208 virentes,
1295 3141 1330 3200 10

196 3213 451 3302 Descriptasque
467 3213 547 3280 locis
562 3216 660 3293 vites,
687 3226 720 3280 et
735 3215 822 3280 doun
839 3153 865 3279 ll
892 3215 952 3294 aei,

197 3298 307 3386 Atque
322 3297 412 3366 oleae
424 3321 737 3390 ramon.pomorum
756 3322 854 3368 exuor
877 3301 929 3366 ine
946 3299 1057 3366 lector.

657 3455 861 3514 utnutl

197 3558 333 3646 Teque,
355 3557 465 3632 Pales,
493 3570 525 3626 et
541 3571 573 3626 te
585 3570 702 3648 pastor
718 3556 936 3624 memorande
948 3579 1012 3646 per
1024 3557 1155 3640 orbem,

196 3643 242 3708 Et
256 3667 420 3744 pecorum
435 3641 560 3722 cultus,
582 3655 614 3709 et
624 3645 779 3794 frumine
791 3664 913 3730 pascua
928 3641 1019 3724 laeta,

197 3729 281 3809 Quia
296 3729 444 3794 habitent
457 3741 604 3796 armenta
638 3733 721 3808 ocis,
744 3727 954 3794 stabulentur
969 3740 1001 3796 et
1016 3729 1100 3816 agni,
1288 3737 1324 3798 1⁵

197 3813 319 3880 Omnia
334 3815 445 3880 divino
460 3815 658 3882 monstravit
670 3815 817 3880 carmine
831 3825 927 3882 vates.

646 3969 871 4034 QUARTl

197 4069 352 4133 Protinus
368 4070 445 4136 aerii
459 4069 566 4136 mellis
581 4069 761 4136 redolentia
773 4093 886 4158 regua,

198 4153 360 4242 Hyblaeas
377 4167 409 4219 et
426 4177 520 4252 apen,
545 4155 698 4222 alvorum
713 4179 803 4222 corea
817 4169 912 4223 tecta.

231 4289 266 4346 ⁵³
282 4291 352 4344 Rene
368 4292 537 4359 Burmannnn,
556 4306 587 4346 ut
600 4290 737 4366 infractae
779 4293 911 4345 Extabeat
934 4289 1015 4344 iidem
1035 4293 1063 4344 in
1082 4295 1142 4347 cod.
1162 4295 1234 4347 Rom.
1251 4291 1318 4361 apud

197 4363 267 4416 vidit
285 4363 399 4414 cerciaco
413 4363 537 4416 Dounon.
780 4363 891 4428 butten,
909 4363 958 4414 ned
970 4363 1097 4432 corrupti.

817 4435 851 4487 12
863 4433 882 4484 f.
899 4435 992 4502 Atque
1005 4433 1096 4497 aleca,
1121 4445 1150 4488 et
1164 4449 1250 4486 rma
1265 4449 1316 4500 po-

229 4501 294 4570 XV,
309 4499 327 4556 6
345 4499 407 4556 Vid.
424 4501 512 4555 Burm.
529 4503 578 4556 Ge.
595 4504 617 4568 l,
637 4519 666 4571 p·
678 4502 737 4558 170.
782 4520 894 4554 morum.
