2606 5008
196 353 274 430 266
573 347 940 426 PROOEMIUM

196 559 287 612 mae
305 534 495 610 orationis
513 535 797 614 verecundiam
814 551 854 615 et
871 550 1117 616 venustatem
1133 535 1279 615 reseren-

198 638 297 716 dum
319 637 437 714 nobis
462 663 548 717 esse
569 639 728 717 videtur
749 641 924 741 elogium
946 641 1067 739 illud,
1100 639 1201 745 quod
1219 655 1280 718 tam

195 742 331 839 variis,
358 742 517 818 incertis
531 767 650 845 saepe
670 757 710 820 et
727 744 922 844 obscuris,
948 745 1081 822 modis
1096 772 1118 822 a
1132 746 1212 820 viris
1227 744 1281 820 do-

197 847 268 922 ctis
299 859 500 922 versatum
532 871 618 922 esse
644 845 787 928 videas.
839 846 1092 950 Magnificam
1120 862 1280 924 autemst

195 947 440 1052 praeclaram
462 975 547 1027 esse
568 949 676 1026 illam
691 952 896 1052 Virgiliani
914 953 1096 1029 carminis
1116 951 1279 1053 praedica·

196 1055 369 1151 tionem,
394 1053 485 1234 puis
506 1078 591 1132 non
611 1053 747 1134 videt?
784 1059 855 1134 Est
876 1057 1026 1133 scilicet
1046 1081 1194 1133 summa
1212 1054 1279 1148 lam

435 1183 455 1233 c

255 1183 301 1234 ae
317 1158 391 1234 ini
457 1159 618 1237 arminis
638 1181 765 1256 genus
788 1159 931 1238 cadere
951 1161 1096 1262 possit,
1122 1157 1220 1262 quod
1235 1157 1279 1234 di-

197 1183 439 1338 dleticum
458 1257 660 1362 appellare
677 1261 865 1344 solemus.
906 1267 1011 1343 Cum
1027 1265 1134 1340 enim
1150 1263 1220 1338 eius
1233 1285 1280 1335 na-

196 1380 285 1442 tura
297 1366 339 1441 in
357 1390 406 1441 eo
421 1367 549 1466 posita
562 1366 628 1462 sit,
655 1379 701 1442 ut
721 1367 823 1444 sive
844 1368 984 1444 notio
1010 1365 1186 1469 aliqua,
1208 1365 1279 1440 sire

196 1470 463 1566 sententia,
489 1470 592 1546 sive
612 1470 988 1568 sententiarum,
1016 1472 1278 1569 etiamprac·

198 1586 456 1675 ceptorum
474 1571 533 1649 de
552 1597 860 1676 quacumque
880 1575 981 1650 sive
997 1571 1279 1650 scientiasive

197 1690 323 1774 arte,
358 1673 542 1783 aliquis
571 1677 862 1778 complexus
891 1701 946 1754 eo
971 1677 1207 1754 sermonis
1230 1695 1278 1770 ge·

196 1805 320 1858 nere
358 1793 647 1882 exponatur,
689 1779 822 1960 l¹¹⁰d
851 1807 997 1884 quam
1027 1781 1223 1858 maxime
1244 1769 1278 1850 ad

195 1883 611 1987 permulcendum
630 1908 689 1962 vo
717 1898 889 1986 uptote
917 1883 1085 1987 aliqua
1112 1883 1277 1962 animun

195 1989 295 2066 vim
313 1987 513 2067 habeat:
547 1987 928 2090 voluptatemillam
950 2013 1036 2065 non
1062 2001 1144 2066 tam
1163 1986 1204 2064 ab
1222 1985 1277 2083 ipa

197 2105 452 2192 argumento,
487 2117 733 2194 quamquam
752 2093 794 2168 in
822 2093 909 2173 eius
929 2091 1084 2170 dilectu
1108 2105 1149 2168 et
1165 2083 1277 2166 hocd

197 2195 380 2274 dandum
401 2207 480 2292 est,
510 2209 557 2273 ut
573 2219 628 2272 ne
647 2195 912 2275 iniucundum
931 2198 1002 2295 sit,
1029 2219 1154 2299 quam
1171 2190 1277 2270 abelus

195 2301 430 2376 tractatione
459 2311 500 2376 et
527 2311 672 2376 ornatu
697 2299 983 2404 expectandam
1009 2324 1100 2380 csse
1118 2295 1218 2376 sacile
1235 2317 1277 2390 ap

195 2417 320 2507 paret
371 2409 474 2483 Nam
496 2429 588 2482 cum
608 2427 744 2506 neque
769 2401 954 2484 factum
978 2416 1049 2480 aut
1071 2427 1147 2480 res
1168 2409 1277 2500 geste

197 2522 264 2586 aut
285 2509 435 2604 actio,
462 2531 598 2610 neque
621 2507 743 2587 animi
764 2507 893 2610 aliqua
921 2505 1156 2603 affectio,
1177 2500 1277 2578 volun

195 2613 284 2690 tatis
301 2611 503 2690 inclinatio
523 2625 590 2688 aut
606 2609 889 2691 vehementior
908 2609 1107 2712 impulsus
1123 2605 1242 2686 mentis
1253 2609 1289 2700 el¹

196 2716 465 2820 perturbatio,
499 2739 602 2818 quae
623 2717 766 2818 etipsa
787 2741 881 2794 cum
901 2717 1062 2794 actione
1083 2713 1275 2816 aliquantum

197 2821 409 2898 coniuncta
434 2833 545 2916 suot,
578 2819 691 2896 ineo
717 2819 892 2898 carmine
911 2831 1135 2898 tractentur
1147 2824 1198 2914 *);
1224 2825 1275 2922 qul

197 2926 285 3025 ipso
311 2922 399 3000 fere
424 2923 508 3000 eius
529 2948 551 2998 a
570 2921 822 3026 reliquorum
848 2923 1076 3002 carminum
1098 2933 1218 2998 natura
1239 2907 1274 2984 d·

196 3052 309 3104 versa
334 3026 493 3104 indoles
521 3027 771 3121 continetru3
803 3028 844 3104 in
867 3052 913 3106 rc
939 3023 1173 3126 exponenda
1190 3033 1222 3095 et
1235 3035 1288 3088 ors

196 3129 329 3207 nanda
357 3155 520 3207 cannen
550 3129 791 3208 didacticum
817 3144 929 3210 tanto
956 3129 1088 3206 maius
1115 3120 1274 3204 artificiussl

196 3234 383 3336 requirit,
418 3259 500 3338 quo
526 3234 731 3310 minorem
754 3235 837 3312 vim
855 3257 920 3314 res
940 3233 1024 3334 ipsa
1050 3232 1103 3312 ad
1122 3228 1274 3308 netem

198 3338 297 3416 dum
312 3337 462 3416 habere
480 3349 632 3440 potest,
655 3363 820 3440 quoque
838 3338 964 3436 magis
981 3334 1197 3416 cavendum
1209 3343 1287 3428 p⁰t

195 3457 260 3520 tae
281 3455 358 3540 est,
384 3466 437 3519 ne
456 3441 508 3518 ad
524 3441 714 3520 subtilem
731 3441 1080 3542 praeceptionem,
1106 3463 1177 3542 qua
1190 3443 1273 3548 nent

194 3543 314 3624 facile
327 3545 556 3642 delectatur,
572 3557 639 3623 aut
653 3543 705 3620 ad
716 3569 872 3624 meram
884 3567 1023 3622 rerum
1037 3540 1273 3637 descripto

195 3675 307 3728 nem
325 3673 487 3726 carmen
502 3648 584 3725 hoc
599 3662 780 3746 revocet,
797 3674 876 3751 qua
890 3649 1048 3726 animos
1065 3659 1208 3726 nostros
1219 3651 1271 3710 11⁰⁰

197 3753 268 3832 diu
288 3779 381 3832 cum
400 3752 605 3855 voluptate
623 3753 753 3832 teneri
779 3753 870 3832 satis
891 3764 1045 3834 constat
1062 3755 1131 3852 aa),
1175 3748 1271 3839 loqu

231 3963 253 4032 'l
277 3963 377 4034 Utique
404 3977 459 4016 oon
483 3960 538 4026 cic,
566 3970 597 4014 ut
620 3959 740 4016 carminis
779 3961 879 4022 ,bercto
902 3959 1033 4026 armine,
1058 3955 1192 4014 Maeuia
1209 3945 1285 4024 5⁸3⁶*

196 4051 321 4086 somnam
335 4043 364 4085 et
377 4051 407 4086 ar
441 4041 557 4083 mentum
572 4031 741 4083 conticeant.
782 4040 853 4101 pto,
886 4028 977 4082 docuit
1007 4021 1210 4098 ingeniosissimus
1228 4019 1267 4062 ¹⁸⁴⁵

196 4102 302 4172 Alioqui
323 4103 392 4156 enim
432 4101 484 4154 aud
502 4098 674 4152 dubiectiam
711 4116 741 4152 er
781 4098 945 4153 venustiore·
973 4110 1067 4171 postu
1087 4087 1222 4152 wielando
1238 4091 1267 4130 Ψ

196 4173 375 4225 namatium
392 4187 497 4224 carmen
517 4167 675 4222 didacticum
690 4117 741 4222 do·
782 4179 859 4223 amu.
1222 4217 1241 4232 ,,

197 4239 253 4324 texi
270 4257 366 4364 pptcsg,
380 4239 589 4364 ffimdm’tssl,
605 4238 666 4322 ipso
682 4241 741 4360 Σιε-
782 4239 849 4362 P'l')
865 4237 934 4366 ⁸vig.
958 4237 995 4294 do
1014 4237 1065 4291 uo·
1090 4231 1177 4288 neta
1199 4227 1265 4282 Μ

196 4327 268 4364 nem
351 4329 381 4364 Γ.
492 4325 934 4377 wilelmo-qo·
