2654 5000
181 425 228 496 16
379 417 453 492 DE
480 415 752 494 CARMINE
779 412 1097 495 BUCOLICO

180 621 361 702 maluisse
396 624 509 726 sequi
544 637 663 724 quam
699 619 969 700 Theocritum.
981 643 998 682 a
1022 621 1126 700 Aras
1158 619 1324 696 scilicet

178 753 339 828 semper
356 723 509 802 {acilior
521 727 686 802 imitatio
691 758 705 818 3
731 725 948 804 naturalem
963 735 1215 813 venustatem
1237 723 1324 800 dif-

178 825 352 907 ficillime
375 852 591 932 assequare.
808 827 823 853 ‘'
938 820 1066 930 '‘2‘

282 932 402 1029 Quod
428 934 479 1010 ad
511 931 983 1032 description-em
1015 931 1065 1006 ‘et
1092 949 1321 1008 oecono-

176 1040 321 1115 miam
355 1037 500 1112 huius
534 1035 766 1111 carminis
799 1035 957 1130 attinet3
999 1034 1105 1110 varie
1136 1037 1182 1107 ea
1223 1037 1320 1134 qui-

170 1141 276 1216 dem
306 1141 454 1216 institui
486 1148 636 1239 potest,
683 1161 844 1238 semper
875 1146 1010 1243 tamen
1039 1135 1316 1238 spectandum

179 1244 276 1340 hoc,
312 1257 359 1319 ut
386 1267 430 1319 ea
459 1244 710 1344 potissimum
735 1241 840 1318 'ratio
858 1265 901 1318 ac
927 1243 987 1316 via
1020 1239 1193 1336 ineatur,
1236 1265 1316 1340 qua

176 1348 344 1423 maxima
365 1347 544 1448 voluptas
564 1344 729 1444 legentis
754 1345 886 1423 animo
914 1341 1048 1422 afferri
1065 1345 1216 1444 possit3
1246 1367 1316 1418 cu-

134 1455 144 1474 ’
179 1452 238 1528 ius
297 1450 435 1528 uidem
465 1450 524 1524 rei
553 1472 602 1528 eo
632 1445 860 1546 diligentior
891 1447 989 1523 ratio
1018 1445 1209 1522 habenda
1246 1459 1315 1540 est,

237 1477 299 1628 od·
311 1553 427 1628 huius
451 1551 632 1628 carminis
657 1549 880 1652 simplicitas
904 1560 944 1626 et
958 1548 1158 1628 humilitas
1185 1549 1313 1624 iuter-

180 1581 278 1732 dim
303 1657 344 1734 in
364 1655 573 1732 exilitatem
600 1653 727 1756 abire,
752 1654 851 1730 lenis
874 1667 915 1730 et
931 1649 1212 1731 mollls'tenor
1229 1653 1313 1727 lan-

178 1780 321 1858 guere,
347 1759 457 1837 solet.
506 1761 612 1835 Raro
633 1757 765 1860 itaque
789 1771 907 1863 poeta
928 1757 1121 1832 narrantis
1143 1769 1217 1832 aut
1245 1755 1312 1832 de-

179 1861 384 1938 scribentis
403 1873 543 1963 'partes
578 1859 754 1961 suscipit3
794 1861 872 1936 nisi
893 1849 961 1936 ille
998 1861 1042 1936 in
1070 1873 1311 1960 argumento

180 1961 402 2045 admodum
418 1965 525 2045 suavi
540 1968 584 2040 'et
601 1965 764 2068 copioso
786 1989 829 2040 ac
843 1959 991 2040 florido
1010 1977 1214 2054 versetur;
1240 1961 1310 2038 sed

118 2155 123 2178 Ι
180 2069 373 2146 convertit
393 2065 479 2144 fere
502 2091 591 2144 rem
612 2067 659 2153 in
670 2066 805 2144 drama
824 2081 864 2143 et
883 2067 925 2142 in
944 2068 1156 2164 actionem,
1186 2068 1311 2168 ipsos

179 2193 259 2278 qne
281 2185 458 2276 pastores
483 2167 755 2272 colloquentes
777 2195 820 2246 ac
844 2183 1049 2246 narrantes
1075 2164 1247 2267 inducit,
1270 2181 1311 2244 ut

176 2301 244 2352 res
270 2299 354 2350 uon
380 2287 462 2350 tam
482 2275 650 2372 narrari,
683 2299 804 2376 quam·
824 2275 956 2376 potius
982 2273 1084 2372 geri,
1118 2297 1162 2349 ac
1184 2269 1310 2350 lecto-

177 2379 231 2454 ris
268 2375 391 2454 oculis
416 2377 576 2475 subiici,
631 2390 670 2454 et
698 2371 763 2454 ille
793 2377 898 2453 inter
923 2372 1040 2454 silvas
1059 2401 1218 2472 errare,
1271 2375 1309 2449 in

178 2481 320 2560 umbra
345 2479 496 2558 arboris
518 2481 707 2580 assidere,
750 2493 949 2556 cantantes
977 2479 1115 2558 audire
1148 2479 1230 2556 sibi
1258 2479 1310 2552 vi-

181 2587 337 2677 deatur3
381 2584 492 2687 quod
521 2607 605 2660 non
636 2585 689 2660 ita
712 2584 1004 2686 accipiendum,
1043 2597 1256 2684 tamquam
1281 2581 1308 2654 si

181 2715 304 2766 omne
328 2713 486 2772 carmen
521 2685 716 2790 pastorale
741 2686 999 2767 dramaticum
1031 2711 1117 2764 esse
1150 2685 1309 2773 debeat,

179 2807 226 2870 ut
251 2817 342 2870 cum
354 2793 614 2892 Praguerio')
630 2785 823 2892 plerique,
854 2791 929 2892 qui·
943 2789 1022 2868 hoc
1046 2789 1099 2867 de
1121 2791 1310 2884 carmine,

180 2921 311 2998 nuper
331 2918 514 2999 quoque,
540 2895 750 2999 scripsere,
783 2893 1020 2990 existimant,
1051 2916 1200 2970 verum
1279 2892 1307 2965 ‘a

181 2999 280 3076 haec
300 3001 399 3075 ratio
420 3011 564 3100 poetae
587 2996 750 3074 consilio
771 2994 858 3074 fere
875 2999 1050 3084 maxime
1070 3015 1236 3098 respon
1266 3007 1308 3071 ct

226 3119 229 3124 ’
266 3104 396 3177 Situs
421 3127 464 3177 ac
486 3100 585 3176 loci
606 3101 947 3202 temporisque
967 3101 1308 3204 designatio‚cp1ae

182 3203 372 3306 cuiusque
394 3203 576 3280 carminis
605 3215 838 3302 argumento
862 3205 1088 3301 conveniat,
1127 3203 1189 3280 uti
1213 3225 1307 3304 poe-

181 3319 245 3382 tae
268 3306 460 3404 ingeniosi
488 3328 572 3384 non
593 3305 730 3383 infima
752 3305 835 3383 laus
856 3319 934 3402 est,
966 3309 1018 3384 ita
1038 3305 1090 3384 ad
1110 3307 1305 3384 maiorem

182 3435 229 3488 ex
247 3410 420 3487 lectione
442 3413 672 3488 suavitatem
692 3407 925 3511 capiendam
947 3407 1032 3487 non
1046 3435 1193 3514 parum
1209 3408 1305 3487 facit

183 3515 305 3594 Cuius
335 3514 445 3590 enim
472 3515 625 3591 animus
639 3515 755 3590 -veris
783 3537 827 3590 ac
851 3514 972 3610 ruris,
1004 3532 1252 3618 pascuorum
1272 3521 1306 3586 et

182 3613 474 3714 armentorum,
514 3619 620 3694 suavi
643 3615 911 3718 descriptione
935 3641 1020 3693 non
1043 3616 1306 3695 vehementer

184 3722 417 3821 delectatur,
468 3733 535 3798 aut
562 3721 649 3822 quis
678 3733 836 3796 cantum
865 3721 1032 3821 pastoris
1066 3745 1154 3797 non
1181 3719 1304 3797 multo

84 3893 89 3900 .
182 3827 396 3922 gratiorem
424 3847 509 3901 esse
535 3823 672 3917 sentit,
707 3823 739 3898 si
768 3821 834 3900 ille
859 3823 933 3900 sub
961 3822 1040 3923 fagi
1060 3823 1227 3920 umbra,
1258 3817 1300 3896 ad

182 3928 295 4003 rivuli
316 3952 515 4021 murmur,
542 3927 583 4002 in
604 3923 717 4000 molli
740 3924 864 4003 herba
886 3927 991 4004 inter
1010 3947 1183 4027 gregum
1206 3923 1301 4005 exul-

182 4029 368 4129 tationes,
394 4028 642 4110 sedens·'otio
663 4027 889 4128 indulgeat?

312 4177 422 4242 Dicunt
432 4183 464 4243 in
477 4191 581 4242 tenero
594 4179 726 4259 gramine
738 4180 892 4261 pinguium

311 4265 455 4330 Gmtodas
473 4267 575 4330 ovium
588 4265 733 4341 comma,
755 4265 855 4326 fistula

218 4427 240 4498 ’)
262 4380 444 4484 decussatim
458 4432 605 4486 analBeIo
625 4449 722 4504 nepot
763 4433 862 4485 moires
875 4431 911 4483 de
927 4429 1093 4489 tricaturae
1112 4433 1166 4487 dee
1186 4431 1299 4502 tnaen'pt

184 4502 239 4553 Mr.
256 4497 356 4551 Mbbd
366 4503 510 4580 Frngut'er,
520 4503 592 4556 dans
623 4520 645 4554 a
659 4502 720 4554 Me'·
763 4501 797 4554 'l'-
812 4503 848 4566 ll,
866 4517 894 4568 p·
907 4502 965 4557 ¹³2
