2710 4998
197 417 286 468 cxvr
411 397 451 472 P.
481 395 700 473 VIRGILII
727 396 964 472 MARONIS
991 399 1117 474 VITA

196 596 287 666 pocta
302 605 364 646 non
387 586 446 646 nisi
467 585 570 646 Asinio
592 587 725 646 Pollione
746 589 866 667 fugato,
895 597 1039 669 expertia
1064 607 1144 664 esse,
1171 597 1210 648 ut
1232 589 1339 666 paullo

196 683 267 732 ante
280 672 429 750 vidimus,
452 682 597 732 narratur
611 673 643 732 in
657 675 742 732 Serv.
757 675 796 734 ad
809 675 870 733 Ecl.
883 673 937 747 lx,
956 679 992 738 11
1011 696 1084 755 quo,
1095 675 1260 751 Pollione,
1274 675 1339 753 su-

193 771 289 838 goto,
313 779 415 816 rumara
432 757 468 818 de
476 759 614 838 praediis
627 760 805 836 suissueme
823 763 857 820 V
854 761 975 840 ugilius
992 761 1143 838 expulsus.

281 845 312 902 Si
326 864 467 922 quaeras,
490 863 549 922 qua
569 845 688 902 ratione
708 857 798 924 poeta
818 845 928 905 iterum
943 846 976 904 in
995 865 1082 925 agros
1096 866 1166 905 auos
1184 845 1338 906 reductus

195 929 298 989 suerit:
320 930 458 990 Servium
482 929 575 988 habes
595 930 761 990 Comment.
789 932 820 990 in
841 931 943 992 Bucol.
962 952 1009 1012 pr.
1028 928 1060 1010 §.
1078 931 1117 994 14
1135 941 1337 990 narrantem:

196 1017 308 1074 Postea
324 1015 365 1073 ab
379 1016 519 1095 Augusto
536 1018 635 1074 mmsis
654 1019 832 1092 uirenrviris,
861 1030 889 1075 et
902 1021 965 1095 ipsi
976 1020 1092 1094 integer
1107 1038 1185 1095 ager
1207 1031 1254 1074 est
1265 1019 1336 1074 nd-

194 1101 294 1174 ds'tua,
319 1113 347 1160 et
363 1104 548 1160 Memnonis
564 1121 621 1178 pm
639 1115 736 1178 parre.
780 1103 813 1161 In
839 1123 929 1181 quam
956 1103 1134 1162 sententiam
1151 1102 1232 1162 idem
1261 1103 1336 1162 ibid.

195 1183 414 1266 interpretatur
440 1205 546 1246 versus
572 1191 609 1249 11
627 1207 690 1264 sqq.
715 1187 774 1246 Ecl.
793 1187 847 1247 IX.
890 1187 949 1247 Vix
971 1197 1072 1248 tamen
1090 1187 1168 1247 illud
1186 1186 1249 1246 hoc
1269 1191 1336 1268 ipso

195 1291 274 1332 anno
297 1271 363 1331 fieri
386 1272 505 1352 potuit,
536 1291 596 1350 quo
617 1271 729 1332 bellum
751 1273 926 1332 Perusinum
947 1273 1075 1348 exarsit,
1098 1293 1158 1352 quo
1169 1273 1233 1332 late
1249 1273 1337 1333 Italia

195 1357 406 1438 conflagravit,
426 1358 528 1436 itaque
541 1359 632 1416 rebus
644 1357 764 1418 demum
777 1359 916 1438 pactione
928 1359 1109 1418 Brundisina
1120 1378 1149 1416 a.
1165 1357 1233 1423 714
1250 1380 1337 1420 com·

115 1473 120 1487 *
194 1445 299 1524 positis
315 1444 349 1504 id
360 1463 423 1502 ease
438 1445 568 1518 sactum,
590 1445 702 1504 rectius
714 1445 800 1524 ponit
813 1445 960 1504 Martinus
973 1465 1003 1525 p.
1019 1445 1066 1504 LI.

278 1529 449 1589 Mantuanis
461 1538 561 1588 autern
577 1524 665 1588 siriiul
678 1533 709 1589 in
720 1531 832 1609 Virgilii
846 1531 973 1608 gratiam
988 1549 1129 1610 agrorum
1144 1539 1272 1610 partem
1287 1551 1334 1590 re-

194 1615 332 1674 stitutam
344 1634 416 1690 ease,
424 1616 495 1674 satia
507 1615 661 1695 probabile
667 1615 704 1676 fit
710 1635 749 1674 es
757 1617 818 1675 Ecl.
825 1616 878 1693 IX,
888 1621 947 1680 7-
959 1621 1009 1681 10.
1017 1615 1095 1678 cons.
1102 1617 1187 1676 Serv.
1196 1617 1239 1675 ad
1246 1638 1278 1676 v.
1287 1623 1334 1680 10.

308 1869 371 1944 (Ii.
388 1871 567 1942 Domitius
585 1747 911 1946 CaliiiiruVIIMll.
928 1870 1073 1941 Asinius
1089 1871 1219 1944 Pollio.

456 1983 624 2062 Suffecti
642 1985 717 2064 sub
744 1988 892 2064 exitum
911 1987 1065 2084 anni*):

392 2147 434 2219 1..
465 2146 650 2219 Corneliae
673 2147 822 2221 Balbus.
876 2149 919 2220 Ρ.
950 2145 1132 2218 Canidius.

460 2290 495 2339 o.
516 2267 554 2341 C.
574 2269 634 2342 40.
693 2269 840 2364 Vergilii
866 2273 916 2344 30
931 2266 1057 2344 -81,

277 2383 393 2446 Bellum
424 2385 611 2448 Perusinum.
657 2387 844 2448 Octavianus
864 2389 895 2448 L.
924 2385 1090 2448 Antonium
1116 2385 1333 2466 Perusiamque

192 2469 298 2530 urbem
319 2470 471 2532 deditione
497 2473 613 2552 accipit.
657 2473 720 2533 Sub
740 2474 812 2534 anni
836 2473 926 2534 huius
946 2473 1066 2534 initium
1087 2471 1283 2532 Scriboniam
1301 2475 1332 2532 in

191 2556 418 2618 matrimonium
431 2558 517 2618 ducit
523 2581 532 2636 3
554 2559 626 2618 Iecit
647 2568 748 2618 tamen
766 2580 834 2622 cum
851 2580 886 2618 ea
902 2559 1068 2620 divortium
1086 2579 1165 2617 anno
1180 2560 1332 2637 sequenti,

192 2652 331 2724 suscepta
347 2663 386 2702 ex
407 2663 442 2702 es
456 2645 546 2704 Iulia:
570 2643 624 2705 Ilio
643 2646 774 2722 XLVIII,
789 2650 828 2710 16
842 2657 874 2705 et
887 2644 939 2709 84.
982 2646 1074 2720 Cum,
1096 2643 1136 2703 Μ.
1154 2643 1285 2706 Antonii
1300 2647 1331 2704 in

192 2729 308 2788 Italiam
324 2729 476 2806 adventu,
498 2732 629 2794 maxima
644 2732 793 2807 omnium,
815 2731 980 2792 nobellum
1000 2729 1245 2806 recrudesceret,
1270 2731 1332 2790 aol-

191 2815 315 2876 licitudo
338 2825 430 2892 esset,
461 2817 493 2876 L.
508 2817 647 2892 Cocceio,
670 2818 820 2877 communi
843 2818 954 2892 amico,
977 2837 1045 2876 cum
1067 2825 1201 2894 utroque
1213 2829 1331 2895 agente,

191 2909 222 2960 et
232 2901 404 2964 Maecenate
418 2911 449 2960 et
463 2902 597 2964 Pollione
610 2901 753 2976 adhibitis
767 2900 906 2985 (Appiam
921 2907 1093 2982 pag.1126.
1138 2901 1193 2962 Ilio
1209 2903 1331 2976 XLVII,

120 2999 124 3010 '
191 2985 265 3068 28),
286 3007 359 3066 pace
370 2987 568 3065 Brundisina,
591 2990 722 3050 amicitia
735 2990 813 3048 inter
827 2990 1027 3049 Octavianum
1043 2997 1074 3046 et
1088 2985 1260 3048 Antonium
1272 2990 1331 3048 itc-

190 3091 261 3130 rum
276 3073 404 3150 coaluit,
426 3074 569 3152 adquam
583 3084 672 3134 tanto
690 3075 783 3154 magis
802 3075 982 3134 firmandam
1002 3074 1043 3134 III.
1064 3075 1219 3134 Antonius
1234 3074 1331 3134 Octa-

191 3155 286 3231 viam,
308 3158 466 3218 Octaviani
492 3179 643 3236 sororem,
666 3165 749 3221 cuius
769 3161 902 3220 maritus·
917 3179 1014 3239 nuper
1036 3160 1168 3236 obierat,
1197 3179 1331 3220 uxorem

191 3239 289 3300 duxit.
332 3241 406 3302 Mox
426 3263 495 3304 cunr
518 3247 601 3308 Sext.
625 3247 798 3327 Pompeius,
836 3247 888 3325 qui
917 3247 1059 3306 classibus
1078 3265 1173 3306 mare·
1192 3247 1330 3320 tenebat,

191 3337 361 3388 commeatu
374 3329 481 3390 urbem
493 3330 728 3407 intercluderet,
751 3333 829 3392 fame
842 3343 985 3412 urgente,
1009 3331 1046 3392 de
1057 3351 1130 3412 pace
1147 3352 1219 3392 cum
1233 3333 1330 3391 Sexto

190 3412 237 3490 agi
259 3424 400 3494 coeptum
415 3424 479 3492 est,
501 3435 561 3494 qua
580 3419 770 3498 proscriptis,
799 3419 851 3498 qui
863 3419 983 3478 adeum
1001 3418 1217 3497 confugerant,
1243 3420 1329 3478 redi-

191 3508 240 3558 tus
262 3499 293 3558 in
315 3501 422 3560 urbem
445 3509 476 3559 et
495 3502 686 3564 incolumitas
708 3513 796 3584 pacta
818 3513 872 3564 est.
921 3505 982 3564 Iam
1001 3524 1078 3584 quae
1100 3523 1140 3562 ex
1166 3503 1215 3564 hia
1235 3503 1329 3564 huius

190 3585 261 3644 anni
276 3586 349 3644 actia
364 3585 403 3646 ad
418 3587 574 3666 Virgilium
586 3591 773 3668 pertineant,
793 3592 895 3670 paullo
913 3591 1046 3650 curatius
1061 3590 1231 3650 videamus.

276 3673 394 3732 Perusia
407 3681 494 3752 capta
503 3717 511 3748 ,
533 3683 599 3734 tota
615 3677 704 3736 airuul
718 3677 814 3734 Gallia
831 3676 978 3754 Cisalpine
996 3695 1064 3735 cum
1080 3675 1205 3754 reliquia
1221 3675 1328 3736 Galliis

189 3764 219 3812 et
232 3753 382 3836 Hispaniis
404 3758 435 3818 in
459 3757 591 3820 Caesaris
610 3762 752 3820 ditionem
773 3762 866 3822 venit.
882 3761 942 3820 vid.
959 3761 1086 3842 Appiae.
1097 3781 1126 3840 p.
1143 3759 1230 3824 1114
1246 3771 1327 3820 extr·

190 3841 292 3918 Itaque
307 3852 375 3903 tum
396 3843 517 3904 demum
531 3845 652 3925 Virgilio
667 3867 754 3925 agros
774 3868 860 3923 suos,
883 3856 1044 3926 postquam
1059 3865 1109 3905 eoa
1121 3846 1235 3906 iterum
1247 3848 1328 3904 ami-

188 3935 283 4001 serat,
311 3930 468 3989 reatitutos
493 3949 573 4006 ease,
600 3931 721 3990 credere
743 3932 823 3992 licet.
866 3931 1084 3992 Teatifieandae
1102 3951 1173 3994 suae
1189 3931 1328 3992 laetitiae

187 4021 347 4090 grataeque
368 4015 535 4076 voluntatis
557 4037 659 4076 mussa
677 4017 709 4076 in
731 4017 806 4077 Vari
817 4017 981 4094 honorem,
1004 4017 1090 4078 cuius
1104 4036 1196 4097 opera
1211 4038 1326 4078 secern-

188 4095 260 4156 dum
280 4097 340 4158 Ed.
357 4099 410 4174 lx,
425 4105 467 4166 27
480 4121 543 4180 sqq.
566 4121 601 4160 ea
614 4121 662 4160 res
675 4103 809 4182 perfecta
822 4105 936 4179 suerat,
958 4105 1111 4183 Eclogam
1123 4117 1243 4164 sermm
1255 4113 1327 4164 tum

187 4181 330 4262 scriptam
344 4201 422 4261 ease,
451 4187 594 4266 opinatur
610 4187 760 4247 Martinus
780 4211 809 4270 p.
831 4191 895 4250 LVI
915 4198 988 4269 etp.
1005 4189 1076 4254 149.
1119 4187 1239 4264 Fuisse,
1270 4191 1326 4268 qui

186 4278 303 4328 sextam
314 4270 448 4330 omnium
462 4273 559 4352 primo
573 4274 640 4333 Ioco
657 4275 800 4354 scriptam
813 4295 875 4335 esse
889 4275 1033 4352 dicerent,
1056 4275 1190 4334 Donatus
1203 4274 1238 4334 in
1249 4274 1325 4334 Vita

221 4419 243 4488 'l
261 4420 339 4489 Apud
351 4421 457 4473 Gruter.
470 4439 497 4490 p.
511 4425 539 4476 G.
553 4424 816 4492 8Mannorrisltnr,
833 4445 858 4480 a.
874 4425 901 4480 d.
913 4428 952 4480 tv
963 4427 1003 4480 Id.
1019 4426 1127 4479 Octobr.
1139 4425 1186 4478 (In.
1199 4425 1322 4478 Domitio

256 4499 284 4542 et
299 4489 328 4542 (I.
343 4489 436 4544 Asinio
451 4491 524 4548 Coss.
540 4493 702 4565 inscriptum.
