2784 4988
226 387 907 468 sncouoluuo1r.nxxxv111
1063 415 1136 470 nv

64 576 329 678 ubique‘vulgata
345 591 414 658 est.
469 574 691 654 Subtilitate
709 578 862 654 maiore
876 579 917 654 in
932 579 1136 683 scriptori·
1202 618 1211 636 x
1245 580 1253 595 “

62 679 234 781 busparum
250 675 463 784 perpolitis
477 693 545 758 aut
559 682 600 756 in
614 679 713 758 locis
734 683 930 783 corruptis
947 707 1049 785 opus
1066 701 1136 767 cst.

59 783 169 859 lstalia
181 787 361 884 varietas,
387 809 491 889 quae
505 809 581 860 nec
599 787 641 860 in
659 787 878 862 sententiae
901 789 1031 864 necin
1046 809 1136 867 ora-

60 887 141 961 tionis
156 889 274 966 nitore
299 891 518 992 quicquam
539 901 686 982 mutat3
716 902 763 966 ut
782 915 925 990 parum
947 904 1013 968 aut
1034 893 1137 971 nihil

59 989 172 1088 reserat,
193 1007 282 1070 utro
297 993 428 1070 modo
444 993 559 1091 legas.
608 992 686 1070 Ubi
699 991 914 1070 lectionem
931 1010 1136 1097 receptam

59 1093 192 1194 etipsam
205 1096 359 1173 bonam
375 1122 460 1174 esse
477 1095 629 1191 videas,
658 1121 728 1173 cur
750 1121 839 1174 earn
861 1111 992 1174 mutes
1009 1123 1135 1202 eaque

58 1200 227 1276 nutatione
247 1203 451 1278 maiorem
475 1199 701 1276 molestiam
722 1198 887 1307 inferas,
920 1227 1041 1303 quam
1058 1207 1136 1282 nti·
1242 1215 1266 1278 ⁸.

56 1296 186 1380 litatem?
207 1307 276 1380 Est
293 1304 385 1400 alia,
411 1303 481 1380 ubi
496 1305 536 1379 in
550 1317 764 1406 utramque
784 1317 941 1406 partem
963 1308 1136 1386 rationes

55 1419 176 1500 posunt
190 1408 413 1487 memorari
433 1408 622 1486 idoneae:
649 1433 730 1510 quo
747 1409 834 1484 iure
854 1406 1052 1506 vulgatam
1066 1411 1137 1488 de-

56 1531 140 1607 seras,
170 1509 332 1590 alteram
367 1511 645 1613 amplectaris?
688 1514 790 1591 Sunt
822 1513 1054 1611 innumera,
1095 1517 1136 1592 in

56 1611 157 1709 quibus
178 1639 268 1692 vera
289 1617 493 1718 scriptoris
515 1617 634 1714 ratio,
673 1639 790 1694 mens
821 1629 862 1693 et
892 1641 1006 1714 usus,
1039 1643 1136 1718 non,

55 1715 101 1789 nisi
122 1717 196 1818 ipso
225 1733 392 1798 auctore
424 1719 728 1822 pronuntiante,
773 1732 954 1799 constare
983 1736 1137 1824 potest:

54 1819 101 1893 uisi
120 1845 200 1896 eum
219 1847 265 1900 ex
287 1822 428 1900 inferis
454 1835 664 1900 evocatum
687 1823 825 1900 audire
850 1823 1004 1900 licuerit
1026 1824 1136 1906 dese

55 1927 358 2025 pronuntiantem,
393 1928 479 2028 quis
503 1927 576 2004 tibi
598 1927 658 2003 ius
681 1927 723 2002 in
748 1953 844 2005 eum
868 1925 998 2024 dedit,
1024 1944 1070 2006 ut
1093 1945 1137 2008 tu

55 2049 103 2122 pro
121 2052 162 2104 eo
177 2033 444 2130 pronunties?
471 2031 577 2128 Quin
593 2029 783 2132 relinquis
799 2031 852 2129 id,
937 2032 992 2109 od
1009 2037 1137 2114 semel

54 2129 209 2210 volumina
223 2137 437 2240 occupavit
458 2149 498 2212 et
518 2136 581 2212 cui
604 2132 728 2233 longo
742 2161 819 2212 usu
834 2147 873 2212 et
904 2137 1059 2215 ectione
1076 2164 1136 2216 as-

54 2234 230 2316 suevinm?
262 2239 449 2316 Omnino
471 2239 634 2314 minutis
647 2237 708 2316 his
724 2253 765 2316 et
781 2237 961 2335 exilibus,
991 2242 1032 2316 in
1049 2245 1137 2344 qui-

52 2333 223 2417 lusmaior
236 2341 534 2420 harumrerum
548 2365 640 2444 pars
654 2357 850 2440 versatur,
878 2344 998 2419 animi
1020 2359 1061 2422 et
1075 2347 1137 2422 in-

51 2441 124 2534 genii
134 2467 294 2522 acumen
319 2459 360 2523 et
377 2447 574 2547 impetum
588 2443 715 2545 frangi
732 2461 772 2522 et
791 2447 904 2523 atteri
918 2447 1136 2527 molestum

53 2557 98 2620 est
138 2551 220 2642 Quo
242 2551 334 2652 ipso
355 2547 505 2626 sactum
531 2563 608 2647 est,
638 2562 685 2625 ut
707 2551 841 2650 magni
859 2551 990 2628 Critici
1007 2551 1057 2628 ad
1072 2579 1136 2630 re-

51 2669 114 2722 nun
128 2675 323 2729 summam
345 2667 386 2730 et
407 2653 628 2752 argumenti
649 2656 925 2734 tractationem
938 2656 1137 2732 tractatio-

53 2751 154 2850 n'tsque
177 2770 331 2854 anm,
367 2781 486 2859 saepe
517 2755 568 2833 ad
593 2757 764 2856 singulas
790 2758 1023 2858 sententias,
1054 2771 1139 2835 tam

53 2877 154 2948 pennu
172 2859 446 2955 attenderent;
461 2873 598 2962 vutque
622 2861 925 2937 emendationes
943 2859 994 2938 de
1007 2861 1139 2940 verbis

53 2957 391 3062 neminemne
409 2987 651 3042 cumrerum
668 2987 711 3041 ac
727 2965 1014 3042 sententiarum
1028 2989 1138 3043 sum-
1199 2981 1208 2996 ·
1255 2999 1260 3002 ·

52 3081 126 3138 nam
150 3089 230 3142 non
252 3083 571 3170 assequerentur.
628 3073 720 3146 Non
751 3068 826 3144 nisi
854 3067 992 3145 vitiosa
1021 3069 1137 3148 extir-

53 3165 145 3260 panda
165 3183 275 3264 sunt;
308 3173 341 3248 si
365 3171 492 3249 modo
513 3172 753 3249 substituere
777 3173 905 3274 possis
920 3197 1033 3271 vera,
1059 3175 1138 3252 sal-

51 3277 108 3342 tem
124 3275 204 3349 satis
226 3275 460 3376 probabilia.
511 3275 699 3376 Reliqua,
725 3299 829 3378 quae
848 3275 947 3354 nihil
961 3278 1137 3377 interest,

52 3383 114 3447 ubo
131 3377 252 3454 modo
273 3379 474 3478 legantur,
509 3380 739 3479 relinquere
760 3381 904 3457 intacta
924 3382 1042 3458 satius
1067 3396 1137 3462 est.
1250 3457 1254 3467 ,

51 3477 136 3572 lm,
164 3481 288 3583 ipsam
312 3507 478 3562 manum
504 3483 648 3560 veteris
674 3497 820 3584 poetae
847 3483 888 3559 in
910 3483 1073 3583 singulis
1098 3498 1138 3562 et

52 3582 200 3660 omnihus
218 3585 423 3662 redhiberi
440 3611 579 3688 posse,
605 3611 730 3664 nemo
746 3585 924 3688 prudens
939 3589 1138 3688 opinetur.

53 3681 164 3762 Contra
174 3689 452 3768 molestissima
473 3717 538 3769 res
564 3703 641 3786 est,
667 3691 717 3790 si,
745 3689 856 3794 quod
869 3719 941 3790 pro
955 3715 1144 3770 monento

53 3783 195 3866 blasius
209 3795 395 3892 eiecerat,
423 3823 689 3896 praenoscant
705 3798 1137 3896 Bumtannusrecepe-

54 3901 106 3982 nt,
130 3893 234 3971 idem
249 3927 323 3997 pro
350 3927 428 3974 meo
449 3929 553 3976 sensu
577 3900 723 3978 iterum
739 3897 870 3994 eiici0,
896 3910 942 3972 ut
956 3897 1054 3974 alius
1068 3927 1138 3999 pro

54 4015 126 4069 m
141 4027 199 4076 uo
218 3999 298 4078 hoc
322 4001 461 4079 itidem
480 4002 657 4104 expellat.
709 4007 863 4084 Verum
884 3999 935 4078 de
956 4015 1043 4078 toto
1057 4001 1137 4079 boc

56 4111 165 4184 bucce
187 4118 252 4180 aut
278 4104 395 4208 plura
424 4106 592 4185 dicenda
624 4117 740 4205 sunt,
785 4128 907 4207 quam
940 4131 1043 4207 quae
1072 4105 1137 4182 hic

58 4189 136 4276 bens
158 4209 275 4308 capit,
308 4221 393 4306 aut,
427 4211 459 4286 si
480 4211 616 4312 paucis
637 4235 727 4287 rem
747 4207 947 4310 expedias,
983 4209 1137 4286 diversa

22 4361 24 4372 .
61 4309 270 4386 &tuendum
294 4310 356 4388 his
377 4311 428 4394 de
450 4314 571 4392 rebus
592 4311 755 4410 iudicia,
790 4313 821 4390 si
841 4311 969 4389 modo
995 4311 1137 4390 iudicia
1260 4383 1269 4400 ,

62 4417 135 4502 sunt,
153 4413 213 4488 vix
223 4411 436 4492 refinxeits.

95 4509 224 4595 Vnam.
251 4521 357 4596 Tou
374 4521 403 4596 1.
548 4571 555 4586 .
906 4541 929 4592 e
