2784 4988
142 313 216 370 vm
491 293 903 372 PRAEFATIO

143 484 380 602 putabam,
412 511 568 579 omnes
584 482 778 568 telorum
806 482 921 574 ictus
942 483 1095 570 subire
1120 485 1271 592 malle,

145 629 284 716 quam
302 600 575 686 subductum
594 602 652 686 ab
672 602 769 687 acie
802 618 846 687 et
862 601 1047 718 pulvere
1078 618 1180 719 post
1208 602 1274 686 si-

144 747 232 836 gna
261 719 507 804 subsidere.
565 717 772 804 Aliorum
801 718 894 804 iam
917 719 1019 827 erit,
1050 719 1271 824 iudicare,

146 843 279 923 acuto
311 836 459 951 gladio
491 862 552 921 an
587 836 745 922 obtuso
776 864 873 921 rom
911 838 1137 954 gesserim.
1195 835 1274 920 Id-

147 984 235 1068 que
275 953 518 1060 iudicium,
561 954 665 1040 licet
701 954 866 1038 virium
908 982 1116 1041 mearum
1154 981 1271 1067 quae

147 1072 204 1156 sit
231 1071 424 1158 tenuitas
453 1069 579 1157 haud
607 1073 832 1190 ignorem,
865 1101 917 1157 eo
947 1073 1097 1158 minus
1129 1099 1275 1190 expa-

146 1218 299 1298 vesco,
345 1219 433 1303 quo
469 1190 611 1306 magis
653 1189 766 1274 illud
801 1192 953 1306 fugere
992 1190 1165 1297 studui,
1211 1219 1272 1274 ne
1319 1211 1322 1216 ’

148 1337 283 1421 quem
297 1307 496 1426 prudens
519 1307 786 1393 lacesserem
802 1307 1099 1414 laederemve,
1128 1335 1276 1392 unum

147 1423 198 1510 id
228 1452 387 1542 agens,
416 1442 466 1509 ut
480 1425 670 1541 optimas
697 1443 812 1511 artes
828 1425 1090 1538 literasque,
1123 1425 1276 1537 aqui-

148 1545 234 1630 bus
264 1543 361 1660 ipse
393 1558 436 1626 et
473 1543 682 1628 solatium
719 1543 769 1626 in
799 1542 995 1628 adversis
1026 1545 1161 1628 rebus
1191 1573 1277 1662 pe·-

148 1678 241 1747 tere
279 1661 399 1746 soleo
440 1675 482 1744 et
518 1659 567 1744 in
604 1661 816 1746 secundis
856 1675 1184 1765 ornamentum,
1232 1661 1279 1746 si

150 1805 242 1896 qua
269 1805 463 1896 possem,
492 1777 755 1864 adiuvarem
771 1795 813 1863 et
827 1807 909 1896 pro
925 1779 1125 1884 summis,
1155 1804 1277 1890 quae

149 1897 256 1982 inde
295 1893 357 1978 ad
392 1921 464 1980 me
503 1895 833 2003 redundarunt,
871 1895 1099 1981 beneficiis
1141 1895 1278 2008 quasi

149 2039 482 2121 remunerarer,
511 2014 551 2100 si
569 2042 662 2099 non
690 2040 876 2127 magno,
908 2031 952 2098 at
967 2030 1089 2129 grato
1119 2029 1279 2098 tamen

147 2159 349 2219 munere.
386 2127 542 2244 Itaque
559 2131 647 2217 hoc
664 2131 869 2249 inprimis
883 2131 1143 2216 faciendum
1157 2130 1279 2214 mihi

181 2249 326 2355 utavi,
372 2264 424 2333 ut
462 2247 714 2366 diligentius
759 2265 1018 2336 excuterem
1069 2247 1278 2334 codicem

148 2283 424 2472 llediceum,
466 2365 668 2454 omnium
703 2366 1137 2485 praestantissimum
1173 2364 1276 2451 iure

149 2485 311 2584 haberi
339 2485 532 2572 solitum.
590 2485 740 2600 Atque
764 2485 841 2570 hic
871 2513 963 2569 non
991 2501 1137 2602 potest
1165 2483 1275 2589 satis

149 2602 405 2720 praedicari
432 2600 631 2720 Fogginii
660 2603 907 2718 diligentia,
947 2629 1086 2715 quam
1115 2601 1152 2687 is
1182 2602 1274 2688 hoc

150 2721 203 2822 in
227 2721 342 2805 libro
372 2718 488 2922 tgpis
520 2738 729 2806 accurate
761 2719 1057 2806 describendo
1087 2719 1278 2837 praesti·-

149 2837 214 2922 tit.
272 2837 386 2924 Nam
445 2837 633 2944 einsius,
663 2839 743 2952 qui
757 2839 905 2956 ipsum
929 2837 1134 2924 codicem
1163 2865 1277 2924 ocu-

150 2955 204 3038 lis
234 2955 486 3073 usurpavit,
526 2956 805 3041 festinantius
834 2957 884 3041 in
914 2985 967 3042 eo
1000 2955 1273 3040 conserendo

150 3087 349 3156 versatus
389 3087 465 3156 est.
532 3072 628 3157 Iam
664 3073 764 3158 fieri
807 3103 901 3158 non
944 3073 1113 3190 potuit,
1163 3073 1275 3185 quin

152 3187 406 3305 discrepent
449 3189 565 3274 inter
608 3219 656 3274 se
701 3190 927 3276 interdum
965 3189 1173 3276 Heinsius
1220 3217 1274 3276 ac

150 3305 410 3422 Fogginius,
445 3323 523 3392 aut
553 3307 777 3419 quaedam
808 3309 979 3392 abhoc
1010 3335 1276 3424 repraesen-

149 3441 319 3530 tentur,
361 3453 555 3538 quorum
583 3426 857 3510 notationem
886 3427 1051 3509 frustra
1082 3451 1273 3537 quaeras

152 3541 274 3660 apud
302 3543 443 3628 illum.
502 3541 559 3628 Et
588 3561 758 3656 quanta
789 3559 903 3628 esset
918 3541 1120 3659 Fogginii
1147 3542 1273 3650 fides,

150 3659 324 3746 lleinsii
341 3675 509 3774 quanta
536 3661 763 3746 interdum
792 3659 1080 3778 negligentia,
1111 3687 1275 3772 quam-

152 3803 290 3891 quam
326 3807 414 3863 usu
450 3794 657 3896 expertus
697 3777 967 3882 didiceram,
1004 3793 1157 3862 tamen
1195 3778 1275 3863 illa

151 3924 223 3980 res
254 3894 493 3982 sollicitum
508 3925 581 3982 me
600 3911 641 3980 et
658 3923 925 4012 suspensum
940 3922 1071 4012 saepe
1101 3895 1279 3998 habuit,

150 4012 307 4125 Itaque
324 4012 439 4098 nihil
452 4014 568 4099 mihi
583 4013 726 4130 magis
746 4029 840 4098 erat
856 4014 906 4098 in
921 4013 1104 4128 optatis,
1137 4040 1275 4125 quam

151 4148 203 4215 ut
239 4130 423 4246 aliquis,
468 4130 737 4217 Florentiam
775 4131 850 4216 cui
888 4129 1012 4216 adire
1050 4131 1275 4244 continge-

151 4266 241 4356 ret,
292 4249 456 4365 cuique
495 4249 583 4334 hoo
622 4249 850 4367 negotium
895 4263 1019 4333 recte
1056 4247 1274 4335 mandare
