2656 5008
216 417 779 516 osono1oonc1nu,
809 427 943 499 1-11
1067 429 1144 502 soe

29 606 155 682 Floret
170 628 279 704 ager,
306 619 465 706 spumat
479 604 607 706 plenis
623 603 823 684 vindemia
840 603 976 702 labris;

28 714 122 804 Huc,
147 723 260 810 pater
275 734 300 784 o
315 713 494 806 Lenaee,
521 709 632 802 veni;
659 708 886 812 nudataque
905 723 1038 786 musto

29 815 171 912 Tingue
192 837 299 889 novo
320 837 483 888 mecum
501 811 675 913 dereptis
694 819 806 888 crura
826 812 1040 892 cothurnis.
1076 895 1081 909 ¹

69 917 268 1016 Principio
289 915 496 992 arboribus
513 917 617 992 varia
636 929 694 992 est
710 929 849 992 natura
869 915 1065 994 creandis:

27 1025 197 1120 Namque
211 1019 320 1116 aliae,
337 1019 454 1096 nullis
470 1019 683 1096 hominurn
700 1019 944 1118 cogentibus,
963 1022 1070 1120 ipsae
1095 1029 1142 1102 10

27 1126 170 1224 Sponte
187 1147 257 1199 sua
273 1125 457 1222 veniunt,
485 1147 729 1225 camposque
748 1137 788 1199 et
804 1119 971 1200 flumina
987 1122 1064 1198 late

50 1349 65 1402 8
79 1349 204 1421 dereptis
218 1347 252 1400 ab
265 1347 375 1400 Heinsio
389 1347 457 1400 bene
471 1351 643 1402 emendatum.
668 1349 786 1421 direptis
800 1347 888 1418 vulgo.
907 1349 1046 1422 (dereptis,
1060 1365 1142 1418 prse-

24 1427 56 1468 ter
70 1418 181 1470 Mentel.
201 1417 301 1486 prior,
333 1417 411 1469 etiam
430 1420 456 1473 2
475 1419 501 1472 4.
519 1422 545 1475 7.
580 1418 690 1471 Vossius
711 1429 737 1470 et
759 1417 832 1470 lehn.
856 1419 993 1470 ediderunt
1017 1419 1140 1490 direptis.

24 1493 94 1556 ltqne
108 1487 163 1538 etsi
174 1505 228 1540 non
241 1487 405 1556 negaverim,
423 1487 508 1555 proba
526 1490 593 1542 haee
616 1506 719 1558 quoqne
731 1486 829 1540 rideri:
849 1488 905 1540 diri
924 1507 969 1542 ere
983 1489 1141 1552 cothurnos,

23 1559 147 1620 terricnrn,
165 1569 283 1622 vestem,
300 1573 404 1625 semper
415 1567 501 1610 tamen
515 1558 656 1610 violentiae
669 1557 803 1610 notionem
821 1555 864 1608 hta
880 1576 896 1610 a
915 1557 1024 1608 haerere
1046 1555 1140 1608 existi-

23 1626 147 1708 nsreqim,
172 1644 238 1708 quse
257 1623 400 1708 elienses-t
412 1627 446 1678 ab
466 1628 493 1712 h,
509 1627 534 1710 l,
563 1628 622 1680 Dici
635 1639 721 1709 autern
733 1625 776 1678 vix
789 1637 893 1694 potest,
914 1626 1016 1748 quoties
1031 1627 1077 1678 di·
1090 1642 1139 1694 pro

23 1693 273 1888 ‚diffidis
286 1705 470 1835 tllt'al‘
484 1697 743 1838 ”tt'tltltttz
756 1706 897 1836 tttsst
934 1695 1140 1838 ‘Piihiii'iifi

23 1845 53 1884 tsi
64 1853 77 1886 Ι

22 2025 52 2084 ad
74 2025 284 2108 recipiendum
317 2037 450 2088 mustum
475 2038 554 2110 epta.
597 2027 639 2103 ll,
661 2033 690 2091 l.
726 2047 832 2107 quem,
871 2037 902 2088 et
927 2029 1095 2090 Varronem
1114 2027 1137 2104 l,

22 2115 43 2173 7.
53 2113 236 2172 snsvisnma
248 2113 345 2193 imago
358 2114 467 2174 Bacchi
479 2137 555 2176 uvas
597 2117 654 2189 39,
675 2118 711 2190 3,
738 2113 884 2194 expressit
897 2113 1045 2194 Virgilius.
1065 2115 1139 2174 item

21 2198 153 2258 calcantis
170 2219 233 2258 uua
255 2221 326 2259 eum
347 2209 451 2280 poeta,
481 2201 554 2262 dum
597 2199 761 2260 Columella
781 2199 819 2258 de
837 2199 977 2260 arborib.
997 2221 1059 2280 pr.,
1085 2199 1139 2278 qui

19 2285 158 2344 auxilium
174 2285 230 2344 sibi
244 2305 261 2344 a
278 2285 334 2344 deo
351 2286 510 2346 serendum
522 2288 555 2347 in
596 2283 680 2345 adh.
693 2286 713 2346 l.
728 2285 856 2366 respicit.
884 2286 954 2346 add.
969 2285 1138 2346 Pontedera

19 2372 140 2430 carmine
176 2370 214 2429 de
242 2371 400 2432 vinearum
434 2374 554 2432 multene
597 2369 718 2450 tntiqq.
742 2373 793 2430 Gr.
815 2371 878 2430 Lat.
899 2373 991 2451 Epist.
1008 2372 1080 2446 XII,
1109 2379 1139 2430 et

18 2458 131 2536 expetit
162 2456 200 2516 cl.
223 2457 339 2536 elegans
355 2459 454 2538 Epigr.
470 2458 555 2518 Mae-
596 2457 719 2515 Gesner.
733 2456 773 2514 sd
784 2453 911 2517 Varron.
924 2457 975 2516 l.l.
997 2455 1137 2516 Ceterum

18 2541 47 2598 o'i
64 2543 94 2602 in
115 2541 255 2604 analect.
268 2543 401 2604 Brunek.
420 2545 504 2605 Tom.
518 2545 553 2620 ll,
595 2539 684 2617 iniis,
698 2559 774 2619 quae
787 2551 971 2620 sequuntur,
993 2541 1137 2602 ornandis

17 2646 71 2704 pig·
85 2631 164 2703 239,
175 2629 230 2688 XI.
255 2629 453 2689 Genumana
466 2629 554 2690 esthi-
596 2637 708 2704 quanta
722 2635 829 2706 poetae
843 2648 892 2686 ars
905 2627 951 2702 sit,
970 2625 1056 2684 facile
1067 2645 1136 2686 sen-

17 2711 86 2772 bitus
109 2716 175 2774 sere
198 2713 269 2772 olim
290 2713 440 2775 Bacchum
471 2715 554 2794 quod
595 2711 647 2770 tiri
667 2720 782 2792 potest,
804 2713 830 2771 si
851 2713 891 2771 sd
909 2709 1023 2772 nudam
1041 2711 1136 2792 pede-

17 2799 229 2878 etismesignis
241 2799 364 2878 aliisque
373 2821 554 2861 monumen·
594 2797 667 2856 stris
700 2797 844 2858 orationis
873 2797 1076 2858 narrationem
1101 2813 1136 2855 ea

18 2886 184 2944 oscorum.
207 2883 329 2946 Calcare
340 2885 466 2967 pedibus
479 2907 553 2947 uvas
594 2881 752 2962 redegeris.
1107 2963 1111 2968 Ι

16 2970 456 3032 edunnuminltaliesollenne.
471 2973 553 3032 Con·
640 2973 689 3032 11.
712 2970 822 3047 Sponte
834 2989 903 3028 sna.
938 2967 1050 3028 Parum
1062 2967 1133 3030 sub·

15 3055 51 3112 ler
63 3057 305 3116 amoenissimam
316 3057 484 3118 vindemiae
496 3057 553 3117 de-
593 3053 689 3114 tiliter
705 3048 829 3114 ‘veteres
850 3073 902 3130 es,
935 3077 1013 3136 quae
1032 3065 1136 3133 sponte

14 3143 218 3222 scriptionem,
247 3162 264 3200 a
289 3143 405 3222 Satyris
423 3143 552 3220 habitae,
593 3151 771 3216 nascuntur,
802 3133 996 3222 αὐτομάτως,
1024 3141 1135 3202 distin-

13 3228 87 3304 tpud
104 3227 272 3286 Nemesion.
286 3227 348 3288 Ecl.
363 3229 413 3306 Ill,
432 3228 474 3294 40
489 3249 552 3308 sqq.
593 3243 666 3285 xere
677 3225 714 3286 ab
729 3226 773 3302 iis,
787 3247 865 3306 quos
878 3231 989 3286 semiue
1001 3249 1135 3288 nnsowr-

14 3311 102 3372 launi
113 3331 206 3392 super
219 3311 287 3373 lecu
299 3323 413 3374 stantes
424 3313 552 3374 exhibiti
593 3323 665 3370 tur:
698 3331 766 3372 cum
791 3322 892 3371 tamen
914 3332 971 3372 neo
989 3313 1046 3372 ista
1071 3314 1135 3372 sine

12 3409 77 3458 sunt
92 3418 131 3458 ex
146 3397 316 3478 maglypho
339 3421 356 3458 a
373 3401 455 3460 Com.
472 3402 552 3480 Gay·
593 3397 703 3456 semine
717 3399 906 3478 proveniant.
933 3398 1061 3460 Voluere
1075 3397 1135 3458 sci-

12 3481 52 3540 lus
67 3483 211 3565 (Recues'l
226 3485 364 3564 amq.
384 3487 418 3545 Τ.
434 3487 469 3562 V,
489 3487 550 3546 tab.
592 3481 664 3542 lieet
682 3483 833 3543 declarare
849 3484 883 3543 id
901 3503 993 3564 genus
1013 3483 1134 3565 planta-

13 3573 56 3630 72.
84 3571 467 3632 cf.PitturediEreoluno
481 3573 514 3632 T.
528 3573 551 3650 l,
593 3587 663 3627 rum
682 3578 712 3627 et
730 3569 888 3646 arborum,
918 3569 1000 3648 quod
1026 3567 1134 3649 primi-

12 3653 65 3713 tab.
80 3653 146 3736 35).
592 3655 713 3732 genium
734 3654 860 3731 dixeris,
891 3655 975 3734 quod
995 3653 1028 3714 in
1054 3653 1132 3728 loco,

47 3743 177 3803 9—21.
200 3738 332 3801 Arbores
350 3750 551 3822 procreantur
593 3759 682 3817 quem
697 3749 825 3821 occupet
840 3741 978 3815 colonus,
999 3739 1060 3798 iam
1076 3759 1134 3798 ns-

12 3835 60 3882 rut
81 3835 193 3884 nunus
217 3836 271 3886 sut
285 3836 360 3888 erte.
388 3827 551 3886 Arboribus
591 3833 657 3884 tum
678 3836 844 3905 repererat:
880 3823 1133 3904 quemadmodum

12 3913 153 3984 creandis,
174 3909 206 3970 h.
222 3930 247 3972 e.
261 3913 406 3972 arborum
423 3933 550 3972 nasoen-
591 3911 699 3990 vulgas
721 3909 830 3971 herbas
847 3910 940 3970 malas
960 3919 989 3968 et
1010 3910 1132 3970 inutiles

11 3994 98 4071 tium,
120 4008 249 4073 musra,
269 3999 365 4074 ratio,
387 4011 430 4056 est
443 4001 547 4072 μανίας
592 4005 698 4076 sponte
716 3997 780 4056 solo
803 3995 884 4057 nesci
907 3995 994 4055 dicit:
1022 4013 1131 4072 semen,

13 4077 83 4154 (rid
101 4081 171 4141 Not.
191 4081 232 4140 sd
249 4083 301 4144 Ge.
315 4084 338 4158 l,
353 4086 382 4147 8.
407 4081 497 4166 Wr.)
520 4092 550 4142 et
591 4081 673 4142 unde
693 4081 761 4142 illae
777 4083 957 4162 gignuntur,
985 4089 1076 4141 vento
1100 4089 1132 4142 et

12 4165 127 4240 quidem
158 4169 304 4227 nsmrelis
328 4167 405 4228 ratio
427 4169 547 4250 triplex,
590 4187 658 4228 sere
667 4169 792 4227 allatum
804 4189 839 4226 ac
849 4167 1017 4248 proiectum
1028 4165 1131 4226 humi-

11 4263 62 4306 uat
81 4261 115 4310 ut
134 4261 243 4330 sponte
258 4257 393 4328 vemens,
421 4253 454 4314 lr.
472 4275 549 4336 pro·
590 4273 647 4332 que
660 4253 826 4329 conditum,
842 4251 950 4312 nonin
965 4253 1067 4312 oculos
1081 4251 1130 4312 in-

13 4335 129 4394 vestiant
144 4335 257 4418 (supl,
273 4337 346 4420 54),
361 4351 416 4398 aut
429 4341 548 4416 semine,
590 4341 694 4416 currit,
707 4339 841 4416 adeoque
851 4337 913 4396 sine
927 4339 1038 4398 semine
1049 4339 1131 4397 nasei

12 4433 63 4476 urst
81 4421 117 4478 ab
132 4421 249 4482 radice:
271 4424 439 4500 Plin.xvl,
454 4429 505 4500 32,
524 4445 548 4484 s.
588 4423 657 4484 illae
677 4432 835 4506 putantur.
877 4423 940 4484 lem
954 4445 1019 4504 sup.
1038 4423 1129 4499 Gal,

13 4505 61 4566 58.
94 4507 177 4568 eant
192 4505 343 4590 Theophr.
360 4508 438 4570 nist.
451 4509 549 4571 Plane
589 4513 632 4576 22
644 4533 739 4572 novas
753 4531 813 4570 non
826 4509 1129 4589 ullosmsirwsrnges
