2816 4990
151 727 157 759 l

244 399 267 449 ι
556 375 632 446 ex
666 369 1101 467 resumamus
1178 429 1182 440 ,

246 558 420 636 hominis
440 557 623 656 sagacitas
645 569 713 632 aut
732 556 910 634 studium
932 568 1199 658 consequatur
1225 557 1387 635 omnia.

243 669 373 740 Fuere
391 686 554 764 quoque
567 661 639 736 viri
654 659 772 754 docti,
800 661 867 760 qui
886 661 987 737 votis
1011 660 1072 734 his
1087 661 1188 734 meis
1201 683 1380 758 respon-

247 766 399 844 derent.
457 769 710 866 Proposuere
740 764 847 839 enim
871 762 1148 865 supplementa
1171 764 1212 836 in
1243 767 1387 838 Geor-

244 872 329 968 gica
348 874 547 960 Gruterus,
583 875 878 967 Bergomum,
911 872 1067 958 Neuter,
1097 865 1169 941 viri
1192 865 1385 942 doctissi-

245 974 321 1062 mi,
348 972 452 1048 inter
475 996 577 1072 quae
606 995 689 1044 non
711 995 834 1070 pauca
855 984 965 1064 sunt,
998 995 1100 1072 quae
1119 970 1203 1070 ipse
1230 969 1270 1042 in
1296 995 1384 1044 no-

204 1157 208 1164 ,
248 1102 295 1152 va
318 1075 460 1176 prioris
483 1072 706 1152 Voluminis
736 1076 970 1150 recensione
994 1071 1271 1250 amplectenda
1297 1100 1384 1172 pu-

245 1179 350 1257 tabo.
401 1179 545 1278 Accepi
563 1177 855 1254 communicata
878 1176 951 1252 alia
967 1201 1042 1276 per
1077 1179 1208 1252 itteras
1229 1201 1250 1250 a
1271 1179 1384 1254 Ven.

244 1289 428 1373 Ernestio,
464 1295 504 1356 et
519 1307 541 1356 a
556 1286 782 1377 Ruhnkenio,
809 1281 893 1356 viro
914 1283 955 1355 in
977 1294 1062 1356 arte
1082 1275 1211 1356 critica
1226 1280 1383 1354 utrius-

245 1409 325 1486 que
348 1385 545 1461 sermonis
566 1407 747 1480 summo,
776 1385 938 1485 quaein
964 1409 1067 1459 nova
1093 1383 1269 1459 editione
1292 1385 1381 1458 suis

245 1487 340 1563 locis
359 1487 571 1565 inserenda
591 1500 717 1564 erunt.

347 1595 395 1666 In
419 1593 605 1667 varietate
629 1588 829 1666 enotanda
855 1589 902 1663 ab
922 1588 1033 1664 initio
1058 1611 1160 1662 onus
1179 1588 1277 1662 mihi
1294 1589 1379 1663 im-

153 1703 163 1716 “
244 1718 475 1794 posueram,
516 1696 602 1794 ipso
635 1717 782 1794 operae
805 1717 995 1792 processu
1020 1690 1122 1766 adeo
1141 1690 1378 1788 molestum,

244 1811 290 1872 ut
304 1797 508 1875 interdum
528 1798 589 1872 vix
615 1795 777 1872 tolerari
793 1820 911 1896 posse
934 1794 1146 1870 videretur.
1200 1795 1281 1870 Sed
1305 1822 1378 1870 re-

245 1925 430 2001 ceperam
453 1898 596 1995 semel,
624 1923 791 1976 omnem
808 1924 876 1977 me
894 1899 1121 1974 varietatem
1139 1922 1223 1974 non
1240 1899 1376 1976 modo

244 2003 293 2078 ab
310 2005 472 2080 Heinsio
495 2015 535 2077 et
552 2005 785 2078 Burmanno
810 2016 1030 2098 enotatam,
1056 2027 1198 2076 verum
1222 2015 1261 2076 et
1278 2004 1376 2078 Pie-

243 2107 476 2198 rianam,et
496 2107 550 2182 sic
572 2131 714 2206 porr0,
744 2130 829 2182 esse
849 2106 1113 2197 adiecturum3
1141 2130 1232 2180 cum
1256 2107 1376 2206 equi-

245 2207 340 2285 dem
366 2208 492 2289 fidem
515 2223 655 2308 putem
679 2229 763 2286 csse
789 2209 1067 2309 praestandam
1092 2210 1210 2284 etiam
1234 2209 1275 2282 in
1306 2235 1375 2298 e0,

244 2312 357 2414 quod
377 2311 481 2388 male
514 2315 729 2414 receperis,
771 2312 883 2388 nolui
911 2313 959 2386 ab
1002 2336 1081 2408 eo,
1107 2311 1219 2413 quod
1241 2314 1373 2388 semel

243 2429 471 2516 susceptum
496 2429 596 2512 erat,
635 2415 836 2494 recedere.
891 2421 997 2491 Tum
1020 2416 1197 2491 virorum
1224 2414 1373 2491 docto-

144 2520 149 2536 '
242 2543 334 2596 rum
364 2519 506 2594 iudicia
536 2543 657 2619 super
685 2521 872 2594 varietate
902 2519 1082 2594 lectionis
1112 2531 1152 2596 et
1182 2518 1373 2596 codicum

243 2621 539 2722 comparatione
568 2621 807 2723 plerumque
833 2647 878 2697 ea
906 2623 1017 2717 sunl,
1058 2635 1105 2698 ut
1126 2621 1225 2698 nihil
1247 2624 1374 2698 omit-

241 2725 411 2800 tendum
442 2749 527 2802 esse
546 2739 706 2825 putent,
742 2725 855 2827 quod
871 2725 912 2800 in
928 2725 1060 2826 aliquo
1082 2724 1185 2802 libro
1206 2727 1373 2825 script0,

242 2829 306 2906 vel
330 2853 377 2904 ex
405 2829 557 2932 scriptis
586 2829 713 2925 edito,
752 2828 882 2925 aliter,
917 2855 1038 2930 quam
1065 2829 1185 2926 vulgo
1212 2829 1372 2927 legitur,

242 2945 442 3008 exaratum
459 2929 517 3009 sit.
552 2932 593 3006 Si
609 2945 744 3008 tamen
762 2933 802 3008 in
818 2933 981 3030 Virgilio
998 2932 1077 3007 hoc
1093 2929 1199 3008 sorte
1221 2956 1373 3008 conce-

243 3034 283 3110 di
299 3047 450 3133 potest‚
477 3047 668 3133 tanquam
684 3037 724 3108 in
741 3049 859 3135 poeta
873 3037 1071 3135 principe,
1099 3036 1139 3109 in
1162 3060 1243 3137 quo
1266 3035 1371 3110 nihil

240 3137 359 3210 nimis
377 3135 466 3210 leve
482 3160 567 3212 esse
583 3137 722 3234 possit,
750 3151 790 3213 et
809 3140 948 3240 inquo
973 3139 1124 3213 critices
1137 3139 1370 3215 rudimenta

240 3235 423 3314 facienda
453 3238 531 3312 sint
563 3238 821 3318 adolescenti:
862 3240 989 3316 nolim
1018 3255 1154 3318 tamen
1179 3243 1370 3344 cuiquam

241 3339 413 3417 eandem
434 3343 631 3420 rationem
653 3343 814 3442 probari
834 3344 875 3418 in
899 3343 981 3419 aliis
1004 3346 1171 3422 minoris
1197 3345 1370 3443 dignita-

239 3446 288 3521 tis
309 3443 575 3546 scriptoribus.
635 3447 675 3521 Si
705 3447 878 3522 enimin
902 3447 1082 3546 Virgilio,
1109 3463 1161 3526 ut
1186 3450 1369 3540 diximus,

241 3572 326 3625 esse
352 3561 486 3650 potest
513 3547 656 3625 utilitas
680 3548 809 3651 aliqua
833 3552 961 3626 variae
985 3551 1164 3630 lectionis
1195 3552 1369 3650 diligen-

239 3653 315 3728 tius
338 3654 456 3728 etiam
475 3652 515 3726 in
536 3652 712 3728 obscuris
729 3667 768 3728 ct
781 3653 967 3730 tenuibus
984 3669 1049 3729 aut
1062 3657 1102 3730 in
1118 3655 1369 3733 sollennibus

240 3755 441 3830 erroribus
468 3754 702 3857 adscriptae:
738 3770 783 3831 ut
811 3758 1028 3858 specimina
1058 3758 1233 3834 habeant
1265 3759 1369 3836 ado-

238 3856 432 3934 lescentes
447 3855 708 3934 festinationis
724 3872 763 3934 et
777 3861 948 3960 stuporis
961 3859 1230 3939 librariomm:
1260 3890 1368 3964 quae

237 3959 402 4036 tandem
417 3963 458 4036 in
474 3961 574 4060 aliis,
603 3976 643 4037 et
656 3963 823 4063 ubique,
852 3988 935 4039 esse
953 3979 1085 4065 potest
1098 3965 1244 4041 utilitas
1263 3992 1368 4043 eno-

238 4077 341 4139 tatae
363 4065 571 4160 varietatis,
608 4091 728 4167 quae,
762 4067 793 4140 si
815 4092 908 4142 vere
931 4068 1052 4164 dicas,
1085 4069 1249 4144 varietas
1272 4071 1368 4146 nul-

237 4165 274 4242 la
304 4179 380 4266 est,
420 4167 493 4243 sed
520 4192 632 4244 mera
661 4167 911 4246 librariorum
940 4171 1153 4265 aberratio,
1186 4170 1368 4250 millenis

238 4270 427 4370 exemplis
455 4269 609 4347 dudum
638 4285 749 4368 nota,
794 4273 920 4350 modo
952 4274 1000 4349 ab
1029 4276 1197 4373 incuria,
1230 4277 1367 4354 modo

237 4372 286 4448 ab
312 4373 547 4472 ignorantia,
589 4373 715 4452 modo
749 4399 771 4452 a
805 4377 951 4455 saeculi
982 4379 1130 4456 inscitia
1155 4377 1369 4480 profecta?
