2652 5032
188 354 546 432 ononolcon
571 357 677 474 nan.
701 359 750 454 n
778 363 996 439 tra-4⁸9
1074 367 1150 441 aaa
1179 385 1185 406 =

51 545 140 619 llura
153 540 255 620 mihi·
265 553 304 616 et
315 539 416 638 rigui
432 539 613 640 placeant
628 543 674 628 in
684 541 850 618 vallibus
866 569 1020 640 amnes;
1073 553 1149 628 485

50 644 210 725 Flumina
234 667 364 718 amem
386 643 578 744 silvasque
598 643 797 742 inglorius.
851 649 906 744 Ο,
931 647 1001 724 uhi
1020 653 1147 752 campi

51 746 352 848 Spercheosque,
381 760 421 820 et
434 747 647 844 virginibus
663 743 847 824 bacchata
862 754 1047 828 Lacaenis

50 855 215 948 Taygeta!
243 875 287 942 ο,
314 849 382 950 qui
395 873 462 923 me
480 848 618 947 gelidis
631 850 671 924 in
686 849 850 928 vallibus
865 856 1005 930 Haemi

50 953 164 1050 Sistat,
191 965 231 1028 et
245 952 395 1050 ingenti
409 977 613 1030 ramorum
626 967 808 1055 protegat
820 953 980 1034 umbra!

87 1097 165 1168 486.
192 1113 329 1188 caum,

70 1277 120 1359 tat,
130 1279 213 1348 rigidi
228 1281 303 1334 Rom.
317 1275 405 1330 Pierii.
473 1277 527 1333 486
544 1277 629 1363 Oribi¹
644 1283 741 1354 Tempe
761 1280 909 1334 coniectore
924 1281 1036 1363 pluriam
1047 1283 1144 1337 docto-

44 1349 406 1485 ttlttttttlltth
420 1355 449 1398 ‘¹‘
462 1349 1071 1490 ‘itttlittttttttttttt'laiht,
1093 1355 1145 1472 (pq

44 1483 125 1551 pheor,
151 1481 286 1552 Πηνειὸς,
308 1485 425 1548 Peneus,
449 1485 487 1536 sic
503 1483 671 1554 ἃιερχειὸς,
697 1489 852 1558 Spercheos.
887 1489 1007 1540 lleiueioe
1026 1491 1144 1556 reposuit

43 1554 189 1616 elladice03
207 1555 235 1605 in
251 1565 362 1623 quatuor
378 1556 545 1624 Spercheos,
572 1556 714 1624 (uthledic.
730 1577 744 1608 a
759 1575 794 1609 m.
809 1575 860 1609 aec.
882 1560 954 1625 We.)
990 1557 1041 1610 alii
1058 1562 1144 1629 Sper-

42 1621 160 1692 chiusque,
178 1624 327 1694 Sperchios
342 1635 377 1686 et,
394 1624 600 1694 Sperchiusque,
618 1626 670 1678 hoc
684 1625 789 1694 quidem
802 1627 829 1678 in
843 1626 928 1694 tulgg.
942 1625 1002 1680 edd.
1015 1647 1038 1678 v.
1054 1627 1143 1679 lleins.

42 1689 62 1740 h.
75 1691 89 1742 l.
102 1694 170 1744 etad
182 1692 257 1744 ovid.
269 1694 332 1743 Met.
349 1694 370 1753 Ι,
385 1693 445 1746 579.
470 1695 628 1762 (Sperchios
643 1713 700 1746 cum
714 1695 804 1748 servio
819 1695 946 1764 praebent
962 1695 1016 1747 eius
1028 1691 1143 1748 familiae

41 1760 141 1826 codices,
158 1762 186 1812 in
200 1777 251 1830 qua
266 1760 369 1813 excellit
385 1763 523 1812 Romanus.
560 1764 712 1832 Spercheue
735 1763 811 1814 etiam
823 1763 847 1818 3.
860 1765 886 1819 4.
921 1764 983 1816 via
998 1768 1030 1830 Q.
1044 1767 1077 1817 V.
1096 1767 1143 1818 tv.

43 1829 99 1895 Wr.)
164 1831 218 1884 488
255 1831 335 1882 elidis
347 1828 518 1882 convallibus
535 1831 628 1883 Medic.
642 1843 668 1884 et
682 1849 745 1882 unus
760 1833 861 1896 Mead.,
887 1833 957 1888 torte
974 1835 1076 1905 gelidi,
1097 1835 1143 1886 in-

39 1897 83 1963 quit
96 1898 182 1950 licius.
201 1850 302 1967 (Pibree
316 1899 338 1949 ei
351 1897 504 1950 addicerent
518 1899 593 1964 libri,
610 1902 756 1970 reciperem
769 1901 954 1969 convallibus,
973 1921 1050 1972 quum
1063 1904 1142 1956 modo

38 1969 194 2032 pneceeeerit
210 1971 240 2020 in
255 1967 375 2021 uallibus
386 1985 424 2020 vs.
437 1967 498 2023 485.
519 1969 590 2038 Wr.)
980 1989 983 2002 ¹

37 2120 164 2184 Notabilis
181 2125 267 2184 locus
280 2122 378 2186 Schol.
394 2126 505 2203 Cruqu.
521 2123 561 2186 ad
602 2127 685 2188 mina
706 2135 760 2188 aut
777 2127 948 2188 rudimenta
969 2127 1059 2188 huius
1070 2129 1142 2210 pul-

36 2205 123 2268 Horat
144 2210 213 2270 Art.
234 2209 296 2276 465
319 2209 562 2290 Empedocles-
603 2215 721 2273 cerrimi
740 2214 799 2272 loci
817 2214 927 2274 videas.
975 2213 1067 2273 Ouhe'
1080 2236 1142 2274 non

35 2293 223 2370 puduerat,
254 2295 342 2354 weda
363 2299 487 2374 iugenio
497 2299 560 2371 sri-
601 2299 705 2376 itaque
730 2307 789 2373 est,
822 2309 858 2358 ut
887 2301 977 2359 situm
1006 2297 1141 2360 laeenam

32 2379 94 2454 gido
116 2385 195 2440 crica
214 2381 394 2458 praecordio
413 2385 561 2460 sanguine
603 2392 742 2462 quaerat,
764 2381 817 2441 sed
830 2393 865 2442 ut
879 2385 919 2443 ihi
938 2383 1033 2462 degat.
1076 2385 1141 2444 lla-

34 2465 167 2542 inpedin'.
215 2464 256 2524 lt
268 2465 419 2543 quomodo
433 2468 472 2526 ad
488 2466 562 2526 haec
602 2469 655 2528 bet
671 2477 770 2526 umen
783 2469 866 2530 locus
883 2471 1025 2528 maiorem
1039 2466 1141 2532 δεινό-

33 2551 131 2608 eomnie
150 2550 288 2611 homines
305 2551 400 2610 delabi
409 2553 561 2632 potuere?
602 2577 685 2633 τητα,
698 2553 723 2612 si
733 2553 776 2612 iu
787 2553 898 2630 iungis:
924 2553 1081 2612 Outinam
1093 2554 1139 2629 sit,

33 2633 152 2711 Scilicet,
175 2636 259 2716 quod
274 2637 376 2716 primis
392 2657 494 2697 rerum
509 2657 561 2696 ae·
603 2641 657 2718 qui
670 2659 716 2695 me
728 2640 815 2696 eistat
829 2636 880 2710 ibi,
902 2635 954 2694 uili
961 2637 1058 2714 campi
1074 2647 1140 2713 etc,

32 2719 129 2780 tatibus
146 2722 249 2782 nullus
270 2732 335 2782 eret
351 2725 485 2802 sapiens,
509 2723 560 2801 qui
603 2721 804 2782 enthusiaemo
820 2721 962 2800 abreptam
976 2722 1140 2780 sententia-

32 2823 83 2863 uon
103 2818 179 2866 eseet
199 2816 303 2888 poeta,
332 2807 433 2871 nullus
456 2818 574 2888 poeta,·‘·
601 2828 670 2868 rum
689 2806 824 2867 ordinem
842 2806 988 2868 turbavit.
1031 2803 1139 2887 (Vulgo

31 2890 72 2966 qui
88 2913 147 2952 non
170 2892 283 2952 maiore
304 2893 394 2970 aniani
409 2903 496 2953 motu
509 2903 557 2952 at·
601 2893 694 2954 verbe
714 2893 756 2952 sic
776 2891 932 2950 ordinent:
970 2891 1072 2970 Oqui
1093 2913 1139 2952 nse
1219 2920 1222 2926 ¹

31 2993 77 3050 que
105 2986 190 3038 aestu
218 2987 391 3057 reperetur,
427 2988 494 3054 aut,
522 2987 559 3038 ut
599 2982 694 3054 nutat,
716 2977 769 3037 uhi
778 2980 881 3054 campi
891 2985 956 3054 etc,
974 2976 1056 3054 quod
1067 2997 1139 3056 par-

29 3057 228 3138 loquebantur,
251 3063 354 3123 divino
369 3063 478 3144 spiritu
493 3061 557 3146 (ἒν-
600 3065 655 3124 tim
676 3085 695 3122 a
716 3083 766 3124 vv.
785 3063 890 3121 ordine
908 3083 969 3122 non
989 3062 1138 3138 firmatur,

28 3148 171 3230 θονσιῶν)
192 3157 339 3228 ageretur.
392 3149 482 3208 Calor
498 3149 558 3208 ita·
599 3149 709 3230 partim
722 3149 810 3207 etiam
824 3157 949 3228 propter
969 3147 1138 3208 subiuncti-

29 3248 79 3306 que
89 3237 248 3314 categoricae
263 3254 332 3294 cum
347 3235 438 3294 aninsi
451 3234 491 3308 vi,
508 3235 558 3292 in-
599 3255 674 3294 vum
688 3238 774 3293 tutat
787 3243 819 3292 et
834 3255 923 3314 pron.
936 3237 991 3313 qui
1002 3254 1059 3314 pro
1070 3235 1137 3313 quia

26 3315 93 3392 genii
116 3319 301 3394 subtilitate,
330 3320 447 3399 poetica
461 3319 558 3378 tacul-
600 3320 734 3380 oll'endit.
779 3320 869 3399 lunge
892 3319 1004 3399 igitur:
1037 3319 1065 3377 0
1088 3318 1139 3376 abt

27 3407 94 3477 tete,
123 3415 249 3464 naturae
273 3405 402 3483 aliquem
430 3405 557 3464 coniun-
602 3402 697 3488 [erint]
711 3409 829 3482 campi.
843 3449 850 3464 .
863 3448 871 3462 .
884 3426 918 3462 ,ο
934 3402 998 3484 [ubi
1009 3401 1138 3480 eat,]qua'

26 3487 146 3548 ctionem
174 3489 285 3550 habere
310 3490 407 3549 videri
428 3499 556 3570 poterat.
599 3512 646 3549 nae
668 3495 755 3549 cirtae
769 3499 824 3549 etc.
846 3490 936 3548 Jahn.
965 3487 1137 3548 vicetiam

26 3569 151 3634 Imitatus
179 3585 224 3634 est
249 3595 370 3635 versum
389 3575 499 3636 Lucan.
520 3574 556 3650 ll,
599 3571 1005 3652 Q.v.xxtt,3.extr.Wr.)
1029 3573 1139 3650 Campi
1260 3593 1265 3604 ¹

25 3655 81 3722 557
108 3663 255 3720 Feretrius
267 3662 343 3720 haec
356 3663 460 3719 ilerum
475 3663 556 3720 circa
599 3661 817 3742 Spercheosque
842 3659 956 3739 poetica
983 3667 1137 3716 structura

22 3747 193 3816 praecordia
208 3749 335 3826 sanguia
349 3745 494 3804 Incaluit.
598 3745 799 3806 enthusiaemo
815 3755 844 3804 et
857 3745 918 3824 ipsa
939 3751 1136 3801 consentanea

60 3827 129 3895 485.
152 3851 255 3890 anniae
276 3833 377 3910 rigui,
406 3829 438 3890 h.
458 3831 479 3890 l.
502 3831 554 3909 qui
597 3831 684 3906 dixit,
706 3852 761 3912 pro
776 3829 936 3908 campiead
949 3826 1135 3906 Sperchium,

24 3911 123 3988 rigant.
145 3937 261 3990 mmm,
294 3917 399 3975 colun.
443 3917 554 3976 kern·
596 3917 707 3996 campis
722 3915 896 3988 Thessaliae,
918 3913 950 3972 in
965 3911 1135 3972 cuiuscun-

22 3996 73 4074 phs
83 3999 329 4062 illustratBurrn.
372 3999 555 4066 486-489.
597 4003 674 4062 liniis
689 4001 792 4062 subter
804 4001 909 4060 Oetam
927 4009 1060 4070 montem
1074 3999 1135 4058 tlu-

24 4079 141 4160 Oquam
148 4087 255 4146 vellem
266 4087 333 4147 ruri
345 4085 440 4148 eitam
456 4088 555 4168 agere!
597 4090 665 4149 vius
678 4087 728 4147 ille
738 4088 769 4146 in
782 4087 879 4146 sinum
892 4083 1049 4143 Maliacum
1063 4085 1134 4144 exit.

24 4165 181 4248 Tamquam
205 4183 293 4252 poeta
314 4171 461 4232 nobiliora
481 4194 554 4234 rura
599 4172 674 4255 (vid.
696 4173 735 4246 Q.
756 4173 792 4232 V.
819 4170 961 4244 XXXIII,
983 4167 1011 4233 4.
1039 4169 1133 4274 We)

23 4267 178 4333 memorat,
198 4259 230 4318 in
250 4257 437 4332 Thessaliae,
459 4259 554 4318 Laco-
602 4263 737 4336 Taygeta
760 4277 800 4316 ec.
818 4256 908 4336 iuga,
938 4252 1012 4337 ὅρη,
1047 4265 1082 4314 ut
1100 4279 1133 4316 eo

23 4339 114 4416 nicae,
147 4363 183 4401 ec
203 4341 347 4406 Threciae
368 4345 488 4424 campis
518 4345 553 4404 cs.
603 4338 767 4424 Ταΰγετον,
797 4351 912 4402 montee
941 4362 980 4402 ex
1006 4340 1134 4400 Arcadia

23 4423 148 4488 Culicem
170 4447 199 4489 v.
211 4434 268 4508 93,
288 4431 394 4510 inquo
408 4430 492 4510 quasi
506 4449 555 4490 ee-
595 4449 649 4511 per
661 4437 757 4488 totam
765 4427 938 4490 Laconicam
950 4443 1133 4510 procurren-
