2816 4990
256 386 424 464 TOMl
449 387 517 465 111
542 390 697 467 EDIT.
724 391 950 469 PRIMAE
1138 417 1176 470 m

65 575 172 674 inqua
192 572 298 650 nihil
323 573 640 668 novi'occurrat3
666 575 766 652 nihil
789 577 899 678 quod
916 603 1000 654 non
1015 603 1176 658 sexcen-

63 679 121 752 ties
140 677 405 754 observatum
434 678 500 765 sit;
531 677 630 754 nihil
659 677 785 782 quod.
800 680 974 782 aliquem
999 681 1176 764 fructum

64 780 195 871 haheat,
232 795 308 858 aut
333 781 487 860 habere
506 783 638 882 possit.
699 784 886 884 Inprimis
908 799 1041 862 autem
1066 787 1177 866 iniis

63 884 293 981 ardoribus,
338 885 412 987 qui
436 886 516 980 iam
544 885 674 960 critica
703 900 786 962 arte
813 900 852 962 et
883 888 933 964 ad
960 889 1176 970 meliorum

62 985 233 1064 librorum
255 987 504 1089 exemplaria
526 989 726 1064 emendati
747 1003 857 1085 sunt,
892 1017 1011 1092 quam
1031 995 1176 1073 utilita-

61 1105 124 1166 tem
134 1091 255 1168 studii
276 1104 490 1192 expectare
503 1105 637 1192 potest
648 1092 701 1187 is,
729 1095 798 1194 qui
813 1094 958 1169 iterum
973 1097 1176 1196 vulgarem

58 1193 211 1294 aliquem
245 1207 292 1269 et
316 1193 570 1271 diobolarem
602 1195 784 1271 codicem
815 1211 882 1272 aut
912 1199 1131 1277 editionem
1155 1229 1176 1279 a

56 1297 309 1373 somnolentis
351 1299 485 1399 operis
529 1299 780 1400 depravatam
816 1300 958 1378 sedulo
1002 1306 1177 1403 excutiat,

55 1399 259 1500 sphalmata
289 1414 332 1476 et
362 1425 520 1478 errores
542 1416 698 1500 enotet,
726 1405 843 1479 etsie
866 1395 1014 1480 doram
1033 1431 1076 1483 se
1093 1408 1178 1484 edi-

56 1503 187 1580 tionem
201 1503 430 1582 adornasse
450 1515 588 1606 putet?
612 1512 758 1584 Nonne
774 1520 892 1608 turpe
910 1522 986 1603 est,
1011 1509 1177 1588 brevem

56 1605 152 1683 huius
180 1609 294 1684 vitae
327 1605 508 1686 fructum
535 1610 576 1684 in
603 1609 703 1686 haec
727 1611 992 1712 impendere?
1028 1615 1069 1690 in
1094 1628 1176 1692 tam

56 1709 115 1786 late
137 1725 425 1802 succrescente
452 1736 588 1788 rerum
615 1713 894 1790 discendarum
916 1730 1050 1815 segete
1078 1743 1177 1819 ope·

56 1839 122 1888 ram
142 1817 183 1890 in
206 1815 333 1912 nugis
345 1813 407 1890 his
434 1827 695 1906 consumere?
720 1823 871 1896 Verum
891 1833 951 1894 est
965 1845 1010 1896 ea
1025 1821 1176 1898 multo·

56 1943 127 1992 rum
146 1919 312 2020 opinio,
341 1918 457 1994 nullo
478 1921 599 1994 animi
618 1920 767 1996 iudicio
795 1921 1011 2022 explorata,
1037 1938 1082 2000 ut
1101 1951 1172 2025 pu-

56 2033 123 2095 tent
136 2024 227 2098 satis
242 2045 349 2118 esse,
377 2023 409 2098 si
430 2022 558 2099 modo
581 2023 764 2100 codicem
783 2023 849 2100 vel
871 2025 1091 2104 editionem
1108 2052 1177 2104 ve-

57 2136 165 2200 terem
180 2123 487 2202 conserendam
503 2125 694 2222 habeant3
721 2127 763 2203 id
784 2142 935 2223 autem,
963 2131 1074 2230 quod
1094 2133 1177 2232 pri-

56 2251 110 2302 mo
122 2228 213 2306 loco
234 2229 499 2305 considerare
517 2229 731 2328 debebant,
754 2233 855 2307 sitne
871 2233 903 2306 is
920 2231 1022 2309 liber
1036 2259 1176 2333 novae,
1201 2328 1203 2336 Ι

55 2345 110 2405 aut
131 2332 443 2425 emendatioris,
478 2332 658 2410 lectionis
683 2332 776 2410 fons
797 2333 861 2410 vel
887 2335 1175 2436 adiumentum,

56 2435 107 2508 u‘x
122 2437 160 2511 in
185 2437 375 2512 animum
396 2435 614 2515 admittant.
665 2439 802 2539 Atqui,
828 2452 874 2514 ut
893 2437 973 2514 hoc
991 2441 1174 2542 exemplo

55 2551 143 2635 utar,
166 2539 328 2638 Virgilii
350 2553 553 2616 trecentos
572 2537 729 2617 codices
748 2555 788 2618 et
808 2541 1006 2618 editiones
1022 2557 1176 2630 veteres

56 2637 406 2746 hoerespectu'vix
424 2641 560 2741 dignas
578 2643 761 2742 habebit,
790 2669 886 2745 quas
910 2647 1106 2746 inspiciat,
1132 2648 1176 2745 is,

56 2747 111 2842 qui
123 2769 207 2822 non
224 2746 279 2822 ad
293 2745 500 2845 vulgarem
516 2748 751 2848 opinionem
766 2746 957 2824 iudicium
967 2747 1047 2823 sibi
1059 2773 1177 2824 men·

57 2847 96 2920 tis
114 2849 446 2926 constituendum
466 2863 589 2951 putet
641 2850 787 2929 Utilior
809 2848 916 2924 haud
935 2851 1058 2926 dubie
1077 2875 1176 2952 ope-

58 2955 226 3028 raaviris
251 2951 571 3054 doctisponetur
586 2955 627 3030 in
642 2953 741 3052 hoc,
768 2966 813 3029 ut
826 2951 1010 3054 plurium
1033 2953 1176 3031 editio-

58 3077 141 3130 num
154 3057 277 3152 bona,
298 3081 395 3132 cum
414 3057 562 3134 dilectu
579 3071 714 3134 tamen
727 3055 918 3160 prudenti
933 3071 975 3139 et
987 3058 1175 3158 diligenti,

59 3158 219 3236 immam
234 3158 466 3256 conferant,
494 3185 620 3262 eaque
634 3160 741 3236 bona
760 3160 874 3236 novis
889 3161 1048 3262 opibus,
1077 3188 1174 3264 quas
1245 3189 1249 3196 ·

59 3265 166 3338 nostri
184 3265 226 3338 in
248 3263 312 3338 his
336 3263 476 3340 litteris
488 3261 704 3364 profectus,
731 3279 890 3340 nostrae
904 3268 1039 3342 aetatis
1052 3269 1173 3342 ratio-

58 3387 119 3438 nes
139 3365 342 3466 postulare
364 3363 472 3442 sorte
495 3366 699 3464 videntur,
725 3363 994 3470 locupletent,
1029 3367 1174 3470 quibus

60 3465 188 3544 itemm
204 3469 266 3546 alii
285 3469 483 3568 singulas,
512 3495 609 3571 quas
626 3466 814 3548 conferre
825 3494 869 3547 se
881 3495 1001 3572 posse
1019 3486 1173 3572 putent,

62 3575 288 3650 accessiones
312 3574 513 3652 adiiciant:
547 3587 612 3669 ut,
640 3576 683 3650 in
706 3575 877 3651 molesta
901 3575 976 3650 hac
1001 3576 1172 3651 diversa-

62 3693 137 3750 rum
162 3677 408 3774 editionum,
441 3701 544 3778 quae
569 3677 745 3777 singulae
770 3677 1017 3780 aliquantum
1041 3679 1194 3755 bonae·

62 3771 166 3876 [rogis
191 3779 362 3878 habent,
389 3781 504 3882 copia
554 3783 778 3859 erveniatur
798 3779 1014 3884 aliquando
1036 3807 1105 3879 eo,
1128 3796 1172 3858 ut

63 3877 111 3976 iis,
141 3908 241 3984 quae
277 3897 372 3960 ante
402 3883 479 3959 hos
537 3898 704 3961 ucentos
728 3885 794 3962 vel
825 3899 1017 3961 centenos
1047 3911 1173 3963 annos

63 4005 161 4060 usum
177 3985 283 4064 sorte
309 3987 462 4063 habere
481 4000 666 4088 poterant
688 3987 878 4091 aliquem,
910 4009 1018 4064 nunc
1038 4005 1173 4066 autem

66 4099 118 4158 aut
143 4092 309 4166 omnino
330 4089 485 4166 hahent
511 4089 685 4189 nullum,
717 4105 784 4184 aut
809 4090 950 4167 saltem
977 4095 1172 4191 exiguum,

66 4195 182 4284 spretis
200 4219 244 4270 ac
264 4193 444 4287 reiectis,
468 4191 672 4270 utilissima
695 4217 880 4296 quaeque
904 4207 943 4269 et
962 4198 1112 4296 optima
1132 4197 1172 4270 in

68 4311 129 4368 uno
142 4293 241 4375 libro
259 4293 557 4398 comprehensa
574 4296 801 4376 habeamus.
838 4294 919 4373 Nisi
939 4299 1049 4373 enim
1067 4299 1172 4374 litte-

65 4414 171 4478 fflum
183 4404 447 4505 antiquarum
459 4399 591 4478 studio
611 4398 684 4476 hac
700 4413 768 4478 aut
786 4398 902 4476 simili
930 4400 1000 4477 alia
1017 4403 1171 4478 ratione
1288 4415 1298 4426 “

890 4501 963 4576 d*
