2710 4998
305 373 405 448 PER
431 369 605 448 Annos
632 371 856 462 DIGESTA
1078 379 1145 448 cna

464 561 510 637 U.
538 560 581 638 G.
607 566 694 638 711.

271 718 311 790 C.
345 718 466 792 Vibius
491 721 626 792 Pansa.
675 719 722 793 A.
749 717 897 791 ffntias.

93 855 253 926 Clalias
278 856 420 928 Caesar
441 857 670 930 Octavianus.
728 856 772 956 Q.
794 857 929 926 Pedias
943 853 1094 955 suffecti.

300 1001 335 1050 a.
358 977 397 1050 C.
416 979 477 1052 43.
524 980 671 1074 Virgilii
685 981 866 1053 iet-28.

110 1125 202 1186 Habiti
220 1129 253 1188 in
273 1129 343 1189 lulii
360 1131 492 1190 Caesaris
510 1130 658 1194 honorem
677 1131 758 1207 ludi,
788 1131 821 1190 in
841 1128 1008 1190 dedicando
1020 1129 1144 1190 Veneris

51 1211 174 1274 aumas
192 1215 322 1296 templo,
352 1237 408 1276 nec
428 1225 527 1276 tamen
548 1227 617 1280 ante
638 1217 771 1278 medium
793 1217 981 1290 Ianuarium,
1004 1235 1074 1273 cum
1093 1216 1145 1274 Sol

50 1297 246 1376 insapricorno
268 1311 361 1361 esset:
390 1303 473 1381 quod
496 1301 577 1364 idern
596 1304 714 1382 signum
733 1303 833 1364 natale
852 1302 980 1380 Augusti
998 1309 1078 1360 erat:
1107 1302 1144 1360 cs.

50 1383 72 1437 te
82 1386 192 1442 Maian
210 1388 243 1446 in
259 1387 357 1466 Epist.
379 1389 420 1448 ad
436 1389 517 1448 Com.
542 1390 579 1448 do
603 1391 712 1470 Caylus
726 1409 816 1468 super
835 1408 950 1468 gemma
968 1404 1036 1446 cum
1047 1385 1144 1447 horo-

50 1487 112 1546 scopo
127 1471 263 1550 Augusti:
293 1473 326 1532 in
355 1473 465 1553 Opusc.
513 1475 549 1534 ln
580 1474 628 1534 his
656 1475 735 1534 ludis
756 1475 842 1534 stella
864 1473 974 1534 crinita
992 1473 1145 1552 appamit:

50 1553 89 1610 ffl
100 1553 143 1630 lX,
161 1557 203 1621 47
215 1561 298 1616 Face
312 1561 448 1618 Dionaei
456 1565 603 1638 processit
618 1562 754 1620 Caesaris
767 1574 897 1634 astrum,
921 1557 974 1618 ubi
989 1579 1019 1620 v.
1034 1559 1103 1616 Not.

106 1639 211 1702 Bellum
227 1644 413 1722 Mutinense,
436 1667 510 1724 quo,
533 1667 602 1706 cum
616 1655 713 1708 totam
728 1647 854 1706 Galliam
870 1645 1057 1724 Cisalpinam,
1077 1653 1145 1704 tum

18 1771 20 1786 .
51 1744 122 1800 anam
139 1727 358 1807 Mantuanum,
393 1731 527 1811 adeoque
548 1733 661 1812 Virgilii
681 1732 877 1812 possessiones
902 1731 992 1791 valde
1019 1729 1145 1790 afflictas

49 1811 110 1868 inisse
123 1833 232 1874 necesse
247 1826 304 1875 est.
349 1816 397 1876 Ad
420 1816 496 1876 haec
514 1827 651 1898 tempora
669 1819 815 1898 respicere
831 1819 953 1879 videtur
967 1817 1057 1877 Silius
1066 1817 1143 1893 Vlll,

50 1897 91 1960 559
108 1901 137 1956 V
133 1921 162 1957 oa
178 1905 292 1976 etiam,
325 1907 445 1962 accisae
469 1905 679 1986 desolataeque
701 1907 846 1980 s’s'aomm,
873 1903 1005 1964 Eridani
1025 1915 1139 1982 gentes.

49 1981 79 2038 Ex
95 1981 186 2046 Vlial.
206 1987 366 2048 Decembr.
390 1988 430 2048 M.
452 1989 598 2069 Lepidus,
619 1989 660 2050 M.
681 1989 849 2065 Antonius,
878 1991 910 2049 (l.
929 1989 1037 2049 Caesar
1050 1989 1143 2047 Octa-

48 2065 136 2144 u'anus,
162 2072 354 2133 Triumviros
372 2075 445 2154 reip.
468 2075 695 2136 constituendae
715 2075 747 2136 in
774 2076 906 2155 quinque
926 2095 1020 2134 annos
1044 2093 1075 2132 se
1091 2093 1143 2134 re-

49 2155 167 2230 nuntient,
187 2161 431 2240 proscriptorum
453 2161 572 2220 tabulas
592 2170 783 2242 proponunt,
805 2162 885 2221 inter
905 2181 979 2241 quos
998 2181 1024 2221 a.
1046 2160 1077 2220 d.
1089 2161 1144 2221 Vll

48 2237 76 2296 ld
87 2239 142 2300 liae.
152 2245 253 2304 Cicero
270 2246 432 2306 occiditur.

109 2327 137 2386 ln
148 2332 375 2409 provinciarum
392 2332 619 2410 distributione,
647 2355 715 2393 cum
730 2332 874 2409 Africam,
904 2333 1048 2406 Siciliam,
1069 2334 1143 2392 Sar-

48 2407 131 2471 diniam
150 2414 339 2495 reliquasque
361 2418 424 2477 eius
439 2420 529 2478 maris
547 2419 660 2478 insulas
682 2421 788 2478 Caesar
801 2419 1001 2494 Octavianus,
1033 2418 1144 2497 Hispa-

49 2497 92 2554 niis
104 2519 160 2559 cam
175 2503 273 2564 Gellia
289 2504 475 2564 Narbonensi
489 2505 634 2585 Lepidus,
656 2505 785 2584 reliquas
799 2505 907 2564 Gallias
920 2503 1071 2564 Antonius
1087 2505 1144 2562 ob-

49 2583 166 2660 linisset,
194 2591 256 2649 aid.
280 2590 411 2670 Appian.
433 2590 518 2650 civil.
536 2591 585 2666 lV,
605 2611 670 2670 pag.
688 2595 759 2658 953,
780 2589 858 2666 954,
880 2610 949 2668 ager
960 2589 1143 2648 Mantuanus

48 2665 75 2725 l.
92 2669 198 2734 Antonii
220 2676 300 2735 sorti
329 2686 501 2740 accesserat.
543 2677 667 2736 Miserat
687 2677 738 2736 hic
756 2678 788 2736 in
809 2675 864 2735 has
890 2687 986 2736 terras
1006 2676 1143 2734 Asinium

49 2751 190 2835 Pollionem,
218 2765 271 2840 qui
289 2781 385 2840 usque
399 2761 439 2820 ad
452 2783 478 2822 a.
491 2762 554 2828 714
569 2764 695 2822 Galliam
710 2763 889 2844 Cisalpinam
906 2761 938 2821 in
950 2760 1072 2820 Antonii
1083 2761 1143 2820 fide

49 2841 169 2904 audant.
198 2849 235 2906 ct.
247 2849 303 2906 ini.
319 2847 441 2912 adata.

108 2931 149 2988 Ad
160 2929 241 2992 lanne
260 2953 356 3014 porro
379 2954 490 2994 annum
504 2935 722 2993 Palaemonem
735 2933 874 3012 Eclogam
895 2931 936 2992 lll
956 2933 1048 2992 refert
1059 2931 1143 2990 Mar-

50 3009 106 3069 tinus
124 3013 202 3096 (lise
225 3021 269 3098 cs
287 3018 403 3101 Virgil)
426 3041 454 3100 p.
470 3021 564 3080 XLIV
581 3029 613 3078 et
638 3019 674 3078 ad
697 3019 759 3077 Ecl.
773 3019 807 3094 V,
831 3021 882 3092 86,
905 3019 1046 3098 quoniam
1059 3019 1091 3077 in
1108 3037 1141 3075 ea

51 3093 115 3158 lollio
129 3111 154 3160 st
171 3105 289 3183 primm
309 3115 341 3164 et
360 3107 440 3166 solus
461 3115 568 3186 poetae
586 3105 726 3164 laudibus
751 3113 887 3164 ornatur.
931 3105 975 3164 Ex
994 3105 1042 3180 iis,
1065 3123 1141 3183 quae

51 3183 115 3242 nodo
127 3187 201 3247 dicta
214 3201 290 3251 sunt
298 3237 306 3266 ,
329 3193 531 3252 coniecturam
546 3191 753 3272 elegantissimi
766 3191 823 3251 viri
839 3191 952 3268 alioqui
963 3191 1141 3250 levissimam

51 3267 140 3330 bases
149 3277 255 3353 possis,
279 3287 359 3336 certe
372 3276 431 3337 hoc
445 3279 623 3358 impetrare,
645 3286 763 3337 mature
777 3279 809 3338 in
822 3276 915 3336 Asinii
929 3277 1068 3338 Pollionis
1083 3297 1141 3336 no-

51 3353 122 3414 titiam
134 3362 243 3421 venisse
255 3375 377 3445 poetam
385 3409 394 3440 ,
417 3385 485 3424 cum
496 3365 522 3423 is
534 3383 589 3444 per
601 3382 650 3421 eos
668 3383 761 3422 annos
773 3363 805 3422 in
819 3363 875 3422 illis
892 3363 993 3422 ltaliae
1005 3363 1143 3444 partibus

52 3435 148 3518 legaret
187 3449 248 3508 Cur
261 3444 339 3510 milri
351 3451 433 3509 inter
445 3453 540 3530 prims
557 3457 663 3530 poetae
681 3451 845 3509 tentamina
865 3448 1023 3508 reserenda
1036 3448 1143 3507 videa·

52 3528 185 3611 ataugi
199 3535 247 3609 lll,
271 3555 306 3592 ea
320 3545 498 3612 attentasse,
528 3535 610 3614 qaod
633 3536 792 3595 iuvenilem
805 3535 1030 3595 meditationem
1043 3543 1074 3592 et
1088 3551 1143 3591 ex-

52 3611 217 3678 au'tationsm
241 3641 305 3679 non
327 3621 452 3680 obscure
474 3621 593 3704 prodit;
620 3629 665 3679 est
685 3621 763 3684 enim
783 3642 822 3681 ex
833 3620 1016 3681 Theocriteis
1030 3618 1143 3699 ldylliis

53 3691 112 3758 llet
122 3701 146 3760 V
156 3707 240 3764 unice
258 3727 404 3766 conversa
418 3717 471 3766 aut
483 3707 670 3766 adumbrata.

81 3779 139 3844 lulio
150 3790 263 3852 Caesari
278 3792 433 3872 Virgilium
446 3793 611 3852 innotuisse
626 3801 657 3851 et
668 3811 772 3852 carum
792 3791 895 3866 luisse,
920 3809 958 3850 ex
970 3791 1032 3850 Ecl.
1047 3789 1081 3866 V,
1099 3789 1141 3854 52

56 3877 139 3930 weit
154 3895 203 3934 nos
223 3899 342 3957 quoque
362 3878 523 3955 Daphnis,
553 3877 758 3954 contendunt,
786 3875 973 3956 Daphnidem
996 3875 1073 3936 enim
1089 3875 1142 3934 lu·
1165 3915 1166 3920 κ

56 3945 104 4045 lan
116 3957 256 4022 Caesarem
274 3981 336 4020 esse
354 3963 470 4023 volunt„
499 3964 537 4022 cl.
554 3963 627 4022 ibid.
647 3971 823 4043 argument,
847 3961 919 4020 item
934 3957 1096 4022 Mirtinum
1109 3961 1141 4018 iu

57 4031 199 4124 lbvirgn
214 4068 243 4126 p.
259 4047 410 4124 xxxlv3
438 4057 468 4108 et
491 4047 530 4108 ad
544 4049 604 4110 Ecl.
618 4049 654 4123 V,
676 4050 727 4114 52.
769 4047 851 4106 Idem
874 4048 922 4106 vir
944 4047 1050 4108 doctus
1070 4066 1141 4106 ver·-

58 4137 101 4180 fflm
116 4127 188 4190 illum
205 4132 243 4192 ad
263 4131 399 4192 studium
418 4135 552 4194 cassans
574 4134 606 4194 in
630 4133 810 4194 Mantuanos
831 4133 995 4212 referebat,
1024 4132 1140 4210 quibus,

59 4221 105 4266 am
118 4217 208 4275 ceteris
221 4217 338 4276 Galliac
351 4217 582 4300 Transpadanos
601 4219 743 4296 urbibus,
765 4217 917 4279 civitatem
936 4239 1005 4278 eum
1026 4217 1142 4276 dedisse

61 4303 230 4363 meaaaratliio
243 4303 323 4378 ΧΗ,
345 4307 396 4368 86.

116 4383 212 4466 lapid·
221 4389 496 4450 Grammaticorum
512 4389 614 4450 sabula
629 4397 676 4448 ast
695 4387 733 4448 de
746 4387 852 4468 Ecloga
871 4397 957 4448 sexta
976 4391 1009 4448 ia
1027 4387 1141 4446 theano

63 4463 209 4542 “cillenia
227 4477 327 4535 mansa
348 4487 488 4554 comata,
518 4497 611 4557 qaam
629 4495 699 4536 cam
720 4473 822 4535 Cicero
843 4475 977 4550 audbet,
1004 4489 1142 4551 magnam
