2606 5008
236 378 238 389 ¹
352 393 412 466 ΙΝ
441 391 752 484 Gnonolca
1040 400 1114 470 277

41 580 114 652 inter
135 575 309 652 mortales
329 577 536 670 versabor,
569 601 735 678 operam
757 575 920 674 Virgilio
950 576 1115 654 adhibe-

38 679 118 776 ham,
141 679 309 756 consului
334 693 374 756 et
397 681 547 782 inspexi
572 679 715 776 libros,
749 681 817 780 qui
841 677 949 756 hisce
975 680 1026 757 de
1050 707 1116 756 re«

38 783 103 878 bus,
126 785 274 885 quaein
291 784 526 860 Maroniano
550 785 724 859 carmine
743 797 989 860 memoratae
1012 797 1115 876 sunt,

37 888 254 988 praecipiunt,
288 889 512 990 comparavi
533 912 615 988 quo
675 905 784 978 eea,
816 889 980 988 quaein
1004 887 1115 984 illud,

37 1012 281 1092 nonnunquam
312 1013 405 1066 cum
436 1004 626 1067 contume
644 992 677 1066 ia
706 990 811 1084 mei,
844 991 1011 1090 scripta,
1050 1004 1116 1065 aut

36 1091 137 1168 ullide
153 1095 189 1168 in
207 1093 408 1174 diversum
421 1119 584 1170 sensum
600 1093 752 1170 deflexa
767 1105 876 1186 sunt,
898 1106 943 1167 ut
959 1092 1115 1168 cachin-

36 1197 75 1268 nis
91 1196 376 1273 commovendis
397 1197 508 1274 locus
529 1211 650 1290 esset,
686 1194 796 1298 quod
821 1221 942 1296 quam
971 1195 1115 1271 libera-

34 1297 95 1373 lter
111 1297 171 1375 liat
186 1299 232 1375 ab
250 1301 314 1396 iis,
349 1299 400 1376 de
421 1301 565 1404 quibus
580 1301 686 1377 bene
708 1301 874 1376 meritus
898 1323 1027 1393 eram,
1055 1300 1115 1374 iu·
1188 1381 1192 1396 ,

35 1399 131 1477 dicent
142 1401 208 1482 alii.
246 1403 468 1504 Equidem,
498 1404 732 1480 condonatis
749 1405 909 1501 ingenio
926 1401 1115 1502 asperiori

35 1507 151 1602 ceteris,
175 1507 314 1584 sustuli
329 1507 423 1584 inde
439 1507 521 1603 illa,
547 1533 649 1610 quae
662 1506 847 1583 videbam
860 1507 1013 1581 monita
1030 1529 1115 1581 esse

34 1631 97 1683 rere
115 1633 153 1684 ac
171 1625 297 1709 recte,
331 1625 398 1688 ant
418 1612 575 1712 quoties
592 1637 676 1686 non
694 1611 801 1687 bene
822 1609 1072 1685 recessissem
1094 1634 1115 1684 a

33 1711 125 1788 Corda
146 1727 183 1789 et
203 1713 287 1790 aliis
316 1715 375 1790 rei
395 1715 563 1791 rusticae
585 1715 731 1816 peritis.
791 1717 859 1790 Me
880 1713 921 1788 in
945 1713 1024 1811 agn‘
1047 1737 1115 1787 co-

32 1809 108 1890 leudi
119 1818 266 1894 ratione
283 1831 325 1894 et
336 1843 412 1894 usu
424 1817 533 1894 haud
546 1831 765 1914 versatum,
792 1841 868 1892 nec
881 1817 1114 1892 rusticansm

32 1939 202 2015 operarum
233 1934 274 1997 et
306 1922 665 1998 instrumentorum
692 1921 783 1996 satis
815 1945 900 1996 esse
927 1920 1114 2020 peritum,

32 2019 162 2118 ngenue
186 2049 297 2102 eram
325 2023 552 2126 professus3
592 2025 699 2100 bene
731 2048 895 2126 quoque
925 2021 1114 2120 intelligo,

31 2119 197 2202 hominem
224 2129 360 2230 operis
391 2129 575 2230 vitaeque
596 2128 808 2226 agrestium
828 2126 1115 2224 intelligentem

30 2225 219 2328 iomnltis,
262 2257 367 2332 quae
394 2245 514 2334 poeta
544 2233 688 2331 attigit,
727 2231 864 2308 videre
894 2231 1043 2306 acutius
1075 2241 1115 2304 et

29 2332 182 2410 maiorem
199 2359 244 2410 er
259 2334 435 2412 lectione
450 2359 592 2436 capere
604 2361 724 2437 posse
741 2334 1004 2435 voluptatem,
1023 2332 1114 2434 quia

29 2454 71 2508 res
87 2437 201 2536 ipsas,
243 2463 416 2540 quarum
446 2437 636 2540 equidem
658 2451 814 2514 tantum
842 2437 1017 2537 speciem
1046 2433 1114 2508 ali-

29 2559 114 2634 quam
127 2543 257 2617 animo
274 2539 497 2640 fingebam,
522 2541 645 2618 oculis
662 2542 878 2642 animoque
892 2537 1114 2640 propositas
1140 2613 1145 2626 ,

28 2635 128 2742 hahet,
150 2658 216 2720 aut
231 2643 382 2723 habuit.
433 2645 650 2720 Enimvero
672 2644 751 2720 hoc
772 2643 908 2718 locum
928 2639 1051 2714 habet
1073 2639 1137 2712 in.

28 2747 106 2822 omni
129 2745 303 2824 lectione
331 2761 370 2823 et
396 2749 748 2849 interpretatione,
790 2759 836 2822 ut
863 2768 939 2845 pro
966 2765 1114 2836 rerum,

27 2869 98 2944 quae
121 2853 353 2952 ascriptore
374 2863 611 2947 tractantur,
651 2863 690 2926 et
720 2872 795 2950 pro
821 2845 1117 2943 intelligentiae,

27 2971 113 3048 qnam
125 2952 295 3031 lectores
312 2951 504 3052 afferunt,
528 2954 750 3030 diversitate
769 2950 1009 3028 diversussit
1023 2971 1115 3024 sen-

26 3073 83 3150 sus,
104 3057 292 3135 iudicium
314 3071 354 3132 et
375 3057 596 3133 iucunditas
612 3057 771 3134 lectoris
789 3055 898 3132 cuius
958 3065 1035 3128 eet
1054 3052 1114 3126 in-

25 3163 190 3258 terpretis;
225 3175 268 3238 et
292 3159 415 3236 debet
438 3160 517 3236 hoc
542 3162 672 3260 ipsum
692 3161 791 3236 verti
815 3157 865 3234 ad
882 3185 907 3259 p
927 3179 1048 3232 enum
1071 3179 1115 3230 ac

25 3259 213 3356 perlectum
236 3289 260 3342 e
282 3263 475 3364 scriptore
499 3264 738 3365 capiendum
756 3260 949 3356 fructum,
976 3261 1007 3334 si
1027 3257 1115 3359 plu·

25 3385 81 3458 tes,
97 3393 166 3467 pro
185 3393 260 3444 suo
284 3367 455 3469 quisque
474 3365 663 3463 modulo,
690 3391 827 3443 rerum
844 3390 920 3441 usu
937 3388 980 3438 ac
992 3359 1114 3436 sacul-

25 3467 151 3566 tatibus,
177 3497 268 3548 earn
282 3469 404 3545 rebus
425 3483 465 3546 et
480 3469 612 3545 verbis
630 3469 762 3546 lucem
778 3465 966 3562 afferant,
994 3485 1114 3564 quam

24 3567 57 3642 ab
72 3599 145 3650 uno
166 3589 234 3651 aut
254 3573 389 3675 paucis
414 3571 557 3649 frustra
581 3587 772 3674 expectes.
824 3575 976 3646 Verum
994 3589 1038 3640 ea
1057 3575 1115 3638 est

25 3667 103 3750 labes
116 3677 261 3776 ingenii
278 3676 463 3772 humani,
489 3689 534 3752 ut
554 3675 763 3774 glon'olam
787 3699 833 3750 ex
853 3672 1022 3748 aliorum
1041 3665 1114 3740 ob-

26 3782 223 3858 trectatione
243 3779 429 3880 aucupari
443 3778 565 3875 malit,
586 3805 705 3881 quam
723 3775 952 3852 utilitatibus
967 3769 1014 3846 ab
1034 3767 1115 3844 alns

26 3883 135 3972 paratis
158 3884 251 3960 alias
269 3905 392 3958 novas
416 3881 585 3978 addere,
612 3894 789 3957 nectam
813 3875 972 3978 propria
997 3869 1114 3946 laude

25 3977 162 4085 llorere,
194 4011 321 4088 quam
342 3983 509 4061 aliorum
528 3985 672 4062 virtute
696 3983 901 4060 obscurata
928 3997 1115 4051 crescere.

102 4195 208 4287 Quae
235 4193 278 4266 in
298 4187 604 4286 Virgilianorum
634 4187 854 4264 carminum
882 4183 1115 4282 interpreta-

27 4287 110 4372 tione
129 4292 413 4398 spectaverim,
447 4305 487 4370 et
508 4305 755 4392 quantopere
777 4290 819 4364 in
839 4287 941 4394 votis
962 4285 1114 4360 habue-

1285 4469 1289 4677 l
