2784 4988
298 367 960 448 r0n1nnn1r.es1nar
1025 383 1029 389 ·
1128 395 1190 450 m
1231 323 1232 326 Ὺ

75 551 280 654 proiecisse
308 555 461 658 aliquid
483 556 533 632 ad
559 581 648 636 eam
669 581 757 633 rem
784 557 858 636 sihi
882 557 1008 634 videri
1033 557 1190 658 debeat,

73 658 135 732 ubi
158 657 321 736 easdem
347 683 414 736 res
443 685 500 736 acv
520 662 736 738 sententias
771 663 976 739 communi
1002 686 1190 742 sermone

74 786 262 861 exponere
291 776 332 838 et
352 765 515 864 poetico
533 759 673 842 habitu
695 778 735 840 et
754 778 897 840 ornatu
920 765 1086 842 nudatas
1108 769 1191 843 ani-

71 889 221 940 nomm
258 866 446 943 sensibus
486 866 672 944 exhibere
705 869 746 944 in
788 882 952 968 promtu
984 869 1191 964 habuerit3

71 969 113 1043 ita
136 971 244 1044 enim
266 972 312 1046 in
336 992 501 1046 sensum
523 969 743 1074 oculosque
765 971 987 1069 incurrere,
1022 999 1100 1074 qua
1117 974 1191 1050 do-

70 1073 199 1170 ctrina,
231 1075 424 1172 ingenio,
459 1075 646 1150 orationis
666 1076 721 1170 vi,
757 1087 919 1176 apoeta
946 1075 1113 1154 eaedem
1127 1103 1191 1154 res

69 1191 273 1252 exornatae
301 1191 342 1253 et
364 1179 669 1254 commendatae
691 1179 777 1258 sint.
828 1183 922 1256 Non
935 1179 1009 1255 nisi
1025 1181 1065 1256 in
1080 1205 1191 1282 prae-

67 1281 319 1360 stantioribus
349 1280 416 1356 rel
447 1277 736 1360 difficiliodbus
765 1280 880 1370 locis,
906 1307 1001 1357 nec
1030 1306 1190 1385 semper

67 1407 132 1460 nec
143 1384 316 1486 ubique,
343 1384 424 1460 hoc
445 1407 530 1461 esse
547 1381 789 1484 faciendum,
804 1411 880 1488 per
894 1410 937 1466 se
952 1386 1191 1487 intelligitur.
1211 1462 1215 1470 .

158 1593 214 1670 Ut
236 1591 378 1692 itaque
400 1590 691 1668 ornatissimam
713 1603 858 1692 poetae
880 1592 1103 1668 orationem
1122 1593 1192 1684 de·

68 1692 252 1770 clararem
286 1707 327 1770 et
355 1693 618 1796 explicarem3
653 1695 696 1770 id
728 1720 824 1776 vero
851 1695 1025 1772 breviter
1049 1695 1192 1792 facere,

68 1797 277 1876 confilium
309 1810 352 1874 et
382 1799 587 1897 ingenium
621 1823 761 1876 meum
795 1797 1033 1894 suadebant;
1080 1800 1193 1876 nialla

68 1902 154 1977 nihi
180 1903 293 1978 ratio
319 1902 402 1976 visa
431 1915 490 1977 est
517 1902 792 2000 commodior,
833 1928 955 2006 quam
979 1917 1044 2001 ut,
1075 1928 1193 1980 versu

68 2005 265 2102 indicate,
309 2013 522 2082 seutentiam
568 2013 689 2084 soluta
725 2012 884 2083 erraticae
899 2063 933 2104 „
957 2005 1030 2083 sed
1076 2011 1194 2084 verbis

61 2117 234 2209 pop-da,
281 2107 541 2205 subiicerem‚
584 2109 710 2212 iisque
751 2109 916 2207 dilectu,
964 2111 1114 2211 positu,
1153 2123 1194 2187 et

67 2213 245 2288 iunctura
275 2212 330 2286 ita
357 2212 607 2314 temperatis,
639 2227 685 2288 ut
709 2213 857 2314 poetici
886 2227 1047 2290 ornatus
1073 2215 1193 2292 semi-

66 2341 109 2392 na
135 2329 179 2392 et
208 2339 368 2392 caussas
394 2317 669 2411 continerent;
704 2315 815 2394 unde
842 2316 1093 2414 adolescens,
1130 2343 1193 2396 se-

66 2419 142 2496 mel
169 2421 366 2517 monitus,
395 2421 631 2521 comparatis
655 2433 800 2520 poetae
825 2421 969 2518 verbis,
995 2417 1111 2498 facile
1139 2447 1193 2497 as-

67 2525 175 2626 sequi
201 2523 351 2625 possit,
386 2521 511 2625 qualis
535 2523 682 2624 poetici
707 2523 989 2626 phantasmatis
1024 2525 1125 2600 ratio
1152 2537 1195 2600 et

68 2641 200 2702 natura
228 2651 307 2726 per
331 2647 376 2702 ae
403 2629 469 2723 sit,
496 2627 702 2729 qualisque
729 2615 985 2806 amplificatio
1013 2640 1055 2723 ot
1081 2648 1196 2702 exor-

68 2732 171 2806 natio
193 2743 346 2830 poetae
373 2744 456 2806 arte
484 2733 700 2826 accesserit,
724 2756 781 2808 un
813 2755 835 2806 e
863 2727 979 2805 color
1002 2731 1196 2829 poeticus,

68 2835 289 2910 sententiae
316 2833 485 2932 dignitas
511 2833 574 2910 vel
599 2833 829 2930 sublimitas,
855 2833 1045 2908 orationis
1070 2831 1196 2931 digni-

69 2951 120 3012 tas
148 2951 192 3013 et
221 2949 408 3034 ornatus,
442 2939 589 3038 petitus
621 2939 688 3032 sit;
723 2937 822 3041 quid
854 2937 895 3011 in
936 2937 1029 3038 ipsis
1055 2936 1196 3032 verbis,

70 3041 290 3118 verborum
318 3039 485 3135 dilectu,
513 3055 726 3138 structura,
762 3039 1043 3138 collocatione,
1069 3042 1196 3140 gravi-

70 3157 164 3238 tate,
189 3143 401 3244 pondere,
427 3157 588 3240 ornatu,
624 3146 753 3246 copia,
789 3145 1038 3246 exquisitiore
1066 3145 1196 3248 aliqua

71 3243 260 3341 flexione,
287 3245 433 3344 figura,
461 3261 528 3321 aut
554 3261 641 3324 toto
670 3249 856 3325 orationis
882 3247 1039 3346 habitu,
1075 3249 1196 3347 cultu,

72 3351 266 3450 elegantia
293 3363 338 3426 et
357 3349 561 3448 dignitate,
596 3351 805 3428 immutato
845 3365 901 3427 et.
918 3353 1077 3429 inverso
1109 3353 1197 3428 vul-

70 3453 343 3634 fflopdffe‚
376 3468 520 3556 poetae
547 3467 673 3532 artem
701 3469 740 3531 et
772 3453 961 3533 iudicium
988 3479 1195 3532 commen·

141 3583 165 3636 e
223 3581 247 3634 e
279 3569 354 3635 eat.

172 3763 372 3866 Pleraque
404 3769 514 3842 verbo
546 3776 701 3848 tantum
733 3767 893 3860 monui3
927 3765 1000 3842 sed
1031 3776 1077 3840 ut
1109 3787 1198 3839 ver·
1329 3795 1339 3814 ·

75 3867 168 3943 bum
194 3865 300 3944 illud
322 3867 383 3944 rei
404 3881 446 3944 et
465 3865 628 3944 consilio
652 3891 827 3972 meoque
846 3871 978 3946 sensui
995 3866 1084 3944 satis
1102 3891 1199 3944 con·

76 3987 310 4047 sentaneum
353 3971 578 4072 reperirem
618 3984 658 4046 et
698 3986 952 4072 exputarem,
995 3973 1066 4048 etsi
1099 3968 1199 4046 illud

5 4139 7 4164 ‚
77 4099 189 4172 nnnc,
218 4099 311 4152 cum
342 4101 363 4151 a
392 4099 463 4149 me
493 4076 716 4176 appositum
741 4089 811 4172 est,
838 4077 928 4152 satis
956 4076 1132 4170 obvium,
1161 4086 1201 4149 et

78 4179 233 4277 vulgare
259 4176 384 4272 sorte,
421 4176 547 4254 videri
573 4191 724 4278 potest,
757 4203 876 4278 saepe
907 4193 1043 4255 tamen
1069 4177 1200 4252 inten-

80 4281 172 4358 tiore
199 4283 447 4382 cogitatione
476 4293 517 4356 et
542 4301 633 4356 cum
653 4304 754 4381 opus
774 4279 866 4379 fuit,
895 4307 1015 4385 quam
1031 4279 1082 4356 ad
1095 4277 1201 4353 mul-

83 4395 128 4459 ta
153 4409 175 4464 e
203 4383 504 4494 copiosioribus
519 4385 624 4461 notis
638 4383 952 4464 conscribendas.
1005 4382 1090 4461 Alia
1102 4379 1202 4458 mihi
