2652 5032
183 365 260 440 486
425 361 465 435 Ρ.
492 359 758 435 VIRGILII
782 357 1060 436 MARONIS

181 545 393 632 Discimus:
419 542 526 619 haud
542 567 737 644 umquam
755 543 937 620 manibus
955 547 1090 622 iactata
1105 543 1244 638 fatiscit,

184 649 264 724 Sed
278 649 374 748 picis
385 648 597 724 inmorem
609 647 658 721 ad
670 647 1284 745 digitostenrescirhabendo.250

181 749 354 828 Humida
367 751 540 826 maiores
556 749 700 826 herbas
719 750 804 847 alit,
831 751 913 852 ipsa
972 752 1114 827 eiusto

181 857 350 932 Laetior.
386 852 449 930 Ah
468 855 639 928 nimium
659 877 712 928 ne
730 855 779 928 sit
796 853 896 929 mihi
933 853 1054 929 ortilis
1072 853 1145 950 illa,

180 963 270 1036 Neu
288 981 330 1032 se
351 956 615 1056 praevalidam
634 957 772 1057 primis
792 957 975 1032 ostendat
992 957 1135 1034 aristis!

184 1065 295 1157 Quae
312 1059 438 1160 gravis
459 1073 534 1156 est,
561 1061 647 1160 ipso
666 1061 823 1136 tacitam
838 1085 881 1136 se
899 1061 1082 1160 pondere
1101 1058 1240 1160 prodit,
1321 1070 1322 1138 l

184 1169 377 1266 Quaeque
407 1163 512 1241 levis.
565 1169 776 1239 Promtum
807 1177 865 1238 est
899 1163 1024 1239 oculis
1059 1162 1290 1266 praediscere
1321 1163 1322 1216 ἒ

766 1267 930 1365 nigram,
1230 1268 1291 1346 255

234 1371 321 1450 252.
347 1369 543 1466 Lemma,
569 1391 624 1444 au

218 1559 271 1614 249
288 1571 338 1611 out
352 1577 475 1630 umquam
486 1561 588 1628 Menag.
601 1578 642 1628 pr.
670 1557 795 1612 manibus
817 1573 939 1613 tractato
959 1559 1061 1612 emend.
1079 1559 1189 1612 eref.
1208 1559 1237 1610 ed
1249 1558 1290 1608 lr-

183 1637 248 1682 oret.
261 1631 306 1693 lV,
323 1630 383 1683 231.
452 1630 505 1684 250
522 1630 559 1681 od
578 1630 655 1682 deest
674 1631 767 1696 fragm.
786 1631 880 1682 Moret.
900 1639 928 1682 et
942 1649 958 1681 a
979 1647 1030 1680 rec
1045 1647 1080 1679 m.
1096 1640 1193 1698 quarto
1206 1631 1290 1686 Morrt.

183 1697 213 1749 it.
229 1695 311 1749 Goth.
327 1715 368 1766 pr.
437 1700 487 1752 251
507 1699 558 1751 atie
573 1697 674 1750 herbae
695 1698 795 1750 zulich.
864 1699 917 1754 252
934 1719 960 1760 ιι,
977 1699 1022 1760 Ιια,
1041 1700 1157 1750 nimium
1175 1698 1257 1758 multi,
1271 1706 1292 1745 ut

184 1767 278 1818 solent.
297 1765 359 1835 (vid.
382 1765 435 1818 tet.
450 1769 488 1832 ΙΙ,
506 1770 549 1822 60.
572 1767 643 1836 Wr.)
678 1787 714 1820 ne
732 1771 768 1820 ait
788 1765 838 1820 eibi
856 1769 911 1822 Eri.
941 1767 1049 1838 fertilis
1066 1787 1125 1819 uno
1141 1770 1240 1836 Mmg.
1255 1785 1291 1832 pr.

183 1837 252 1886 unde
270 1835 361 1888 Heius.
378 1836 445 1888 coni.
462 1856 540 1889 uvae.
577 1837 636 1888 ullo
652 1839 706 1888 llrl'.
720 1855 735 1888 a
748 1855 782 1888 ιιι.
796 1855 836 1906 pr.
860 1841 988 1908 (Laetior
1001 1837 1117 1887 tortam
1134 1838 1202 1900 erit,
1225 1835 1292 1905 qu'ir

183 1905 357 1973 suspicionem
369 1905 488 1956 adducat.
525 1905 594 1970 Quid
607 1905 676 1957 enim
689 1906 740 1957 ribi
753 1906 809 1957 vult
825 1910 953 1980 ipsaque,
980 1924 1058 1974 quum
1075 1907 1168 1958 eadem
1184 1905 1292 1957 sententia

113 2003 117 2020 .
183 1983 295 2042 utroque
314 1974 439 2025 orationi·
458 1973 517 2026 eolo
533 1975 662 2027 contineri
677 1976 815 2027 videatur?
838 1977 905 2028 iiiuc
922 1975 1062 2038 coniiciaa,
1086 1975 1226 2044 Virgilium
1240 1975 1292 2024 rcri-

182 2043 267 2110 paisre
283 2041 428 2106 lentior,
446 2053 475 2094 ut
487 2043 531 2095 hic
546 2045 656 2113 prodeat
669 2063 773 2120 cenant:
791 2045 848 2116 ipra
861 2061 978 2115 quoque,
997 2055 1024 2095 ut
1037 2045 1148 2164 pinguia
1163 2045 1223 2108 illa,
1239 2045 1292 2094 leon

183 2121 238 2174 ert,
255 2111 384 2164 lentcecit.
420 2113 472 2162 cn.
488 2123 544 2164 not.
558 2115 591 2165 nd
603 2113 657 2166 Ecl.
670 2117 732 2178 Vll,
757 2115 800 2168 48.
837 2114 926 2179 Quid?
951 2113 1022 2182 quod
1048 2118 1175 2179 acutior,
1200 2113 1292 2184 quodiu

182 2179 279 2232 Medic.
298 2199 312 2232 a
333 2199 367 2232 m.
388 2199 429 2248 pr.
445 2189 547 2245 exstat,
578 2201 593 2234 e
610 2183 694 2234 literia
716 2183 767 2234 edi.
787 2185 888 2236 ἱειιιίον
903 2212 936 2221 -
949 2183 1054 2234 letitior
1071 2212 1105 2223 -
1122 2194 1209 2235 ortum
1228 2181 1292 2232 rideri

182 2249 290 2368 potent?
325 2255 358 2300 Ar
373 2249 549 2319 explicatione
561 2251 636 2304 loenr
653 2253 822 2305 adiuvandus.
857 2253 946 2304 Verba
960 2255 1021 2333 ipro
1035 2253 1137 2304 laetior
1151 2253 1178 2304 lt.
1193 2253 1211 2304 l.
1225 2253 1292 2320 rigni-

202 2329 259 2369 eant
270 2327 381 2380 terram,
399 2337 465 2388 quoe
481 2319 538 2389 ipra
550 2338 599 2389 per
613 2341 671 2374 rere
684 2321 779 2373 herbar
801 2321 925 2374 laetiores
944 2320 1042 2390 gagnit,
1060 2339 1114 2373 nou
1129 2332 1243 2374 stercore
1257 2339 1293 2372 ro-

182 2387 277 2439 borata
296 2397 341 2440 aut
359 2388 422 2440 rivio
443 2389 565 2458 irrigata5
597 2392 649 2444 vid.
670 2393 702 2454 Q.
726 2393 758 2442 V.
782 2391 1068 2457 xv111,zm.Wr.)
1141 2393 1195 2446 2⁵3
1211 2393 1295 2444 Nm

183 2457 739 2598 tli'tttalt‘lfiattltttt‘tlt
754 2460 918 2582 {letti
932 2459 1162 2593 888ῗέ48ἳά
1176 2461 1293 2584 lidii

566 2567 572 2580 ·
621 2567 636 2593 ἰ
781 2567 788 2581 ·
848 2569 853 2581 ·
916 2567 922 2580 ·
957 2567 964 2580 ·
1003 2566 1010 2580 ·
1151 2570 1159 2594 r
1212 2569 1218 2581 ·
1281 2567 1285 2576 ·

183 2597 227 2650 Ne
246 2615 275 2648 re
298 2596 343 2648 alii
365 2597 435 2666 apud
452 2596 582 2662 Pierium,
609 2605 636 2650 et
653 2599 772 2650 Perrhae.
809 2603 871 2652 Heu
893 2615 957 2649 unus
976 2597 1101 2650 Arnudel.
1134 2603 1294 2671 procopium

183 2663 284 2720 anioh.
321 2667 441 2718 ostendit
460 2668 526 2718 Ven.
563 2680 682 2719 ostentet
702 2667 778 2721 Aldd.
798 2687 839 2737 pr.
861 2678 888 2719 et
905 2685 958 2719 ree.
981 2679 1007 2719 et
1028 2669 1113 2732 lunt,
1138 2669 1209 2737 qnod
1224 2669 1293 2736 plurrt
1322 2707 1323 2726 ,

183 2736 344 2798 Burmanu03
361 2735 395 2786 de
408 2747 477 2786 terra
492 2736 566 2806 quari
579 2735 718 2804 gloriante.
786 2735 838 2793 254
852 2737 954 2810 prodet
965 2737 1060 2788 Medic.
1093 2741 1198 2810 promit
1212 2739 1292 2804 negiu
1322 2787 1323 2796 ,

184 2813 212 2855 et
231 2803 323 2856 cerda.
359 2807 470 2856 tacitum
488 2805 559 2873 apud
579 2801 691 2857 Pierium
712 2816 754 2858 ert
771 2808 861 2859 vitium
875 2806 985 2858 Aldinae
1004 2823 1056 2858 rec.
1128 2807 1292 2880 255pmt1-
1322 2849 1323 2852 ,

183 2891 244 2924 cere
256 2883 366 2955 quatuor
380 2873 449 2942 apud
464 2876 550 2926 Burm.
563 2887 590 2926 ct
603 2875 683 2927 Goth.
695 2893 736 2944 pr.
753 2895 809 2928 enm
822 2876 887 2942 Em,
904 2891 953 2928 nec
969 2877 1173 2930 uonllomauur.
1203 2895 1292 2947 copo-

183 2959 259 2993 rcere
273 2943 375 2995 Zulrch.
410 2945 451 2995 lta
465 2953 492 2994 et
507 2943 570 2996 alibi
586 2947 634 2997 Ge.
650 2947 671 3010 l,
686 2945 746 3011 252,
764 2947 807 3000 51.

184 3079 247 3140 dies
261 3082 333 3142 Aen.
347 3083 395 3158 lV,
413 3087 497 3148 102:
518 3105 724 3164 regumn-rpo—
767 3099 796 3146 to
810 3084 1043 3144 subterterumtur
1055 3073 1210 3160 kodmdo,
1233 3085 1293 3144 dum

177 3167 290 3244 pulum
306 3189 508 3244 communem,
533 3179 564 3229 et
577 3171 639 3246 Vll,
652 3168 724 3234 848.
765 3171 918 3245 habetur,
953 3179 1115 3232 tractatur.
1172 3173 1218 3232 nd
1241 3191 1293 3232 rem

184 3261 215 3311 et
225 3251 294 3310 infr.
309 3253 380 3318 352.
406 3254 514 3337 Welz.)
766 3261 802 3318 cf.
818 3257 892 3318 Plin.
908 3256 1001 3331 xvtt,
1013 3255 1044 3332 4,
1057 3276 1082 3315 r.
1098 3261 1128 3320 8.
1150 3255 1292 3328 Columll,

226 3335 347 3401 248-
361 3339 433 3404 250.
459 3341 571 3419 Pingue
589 3349 620 3399 et
632 3339 724 3418 gluti·
766 3347 797 3418 2,
815 3346 854 3407 18
876 3341 998 3402 laudato
1012 3339 1072 3400 hoe
1085 3343 1163 3404 looo.

183 3443 292 3482 norum
320 3419 470 3504 (idemque
499 3423 598 3506 dulce)
626 3425 724 3484 tolum
809 3429 881 3494 261.
894 3429 965 3492 252.
985 3429 1057 3492 255.
1080 3427 1292 3489 Humidumso-

183 3518 270 3568 tactu
283 3510 481 3588 cognoscitur.
511 3510 650 3570 morardus
672 3514 723 3568 io-
765 3513 829 3574 lum
856 3513 958 3592 prodit
988 3531 1020 3570 ee
1047 3511 1152 3574 herbis
1183 3515 1291 3574 nimium

183 3607 285 3670 otoo,
315 3605 449 3671 versata,
471 3605 617 3668 tractata,
639 3596 722 3670 trita,
763 3599 996 3658 luxuriantibus.
1030 3598 1074 3656 at
1103 3603 1230 3660 ηἰηιιὶυιι
1256 3621 1291 3656 ne.

175 3680 313 3758 salierit,
344 3681 499 3756 atteritur,
528 3690 565 3740 ut
584 3681 671 3739 obeat
690 3681 724 3740 in
765 3685 888 3764 Egregia
901 3683 1030 3743 variatio
1043 3684 1116 3759 eiua,
1139 3685 1291 3764 quodstn·

185 3765 351 3840 arenulas,
367 3767 503 3826 solvatur
521 3767 554 3826 in
568 3767 723 3846 pulverem
765 3769 884 3850 pliciter
895 3769 1035 3830 efferrent
1048 3773 1146 3832 nostri
1159 3771 1290 3832 homino:

186 3851 271 3910 arida
283 3852 371 3911 sacta.
393 3851 455 3912 vid.
475 3852 563 3927 Gal,
583 3855 643 3915 180
665 3851 724 3912 ibi·-
766 3856 1142 3936 quodomegmuenenw
1154 3857 1290 3935 autopat

185 3955 242 4010 que
263 3937 331 3996 Not.
363 3937 408 3996 ad
441 3937 551 4016 digitos
584 3937 723 4014 lentescit,
766 3941 874 4000 Similis
887 3941 1016 4000 inversio
1033 3941 1085 4001 Ge.
1100 3943 1123 4016 l,
1141 3945 1206 4009 466
1232 3943 1290 4001 Νω

185 4019 266 4078 lenta
282 4021 425 4082 adhaeret
440 4021 556 4102 digitio,
577 4021 723 4098 habendo,
767 4027 823 4085 atla
840 4031 1000 4108 quaequam
1020 4047 1066 4084 tna
1086 4041 1171 4086 nocte
1183 4027 1290 4106 perol·

186 4102 259 4162 dum
277 4109 413 4168 manibus
434 4107 575 4168 liabetur:
597 4117 634 4168 ut
650 4107 723 4168 Aen.
766 4125 831 4170 tum
852 4115 901 4172 Ire
921 4111 1037 4184 iubeat,
1072 4111 1124 4179 ubi
1148 4113 1209 4172 vid.
1232 4112 1289 4170 tor

185 4188 251 4262 llll,
265 4191 307 4254 88
329 4207 415 4270 optat
435 4193 571 4254 labendo
591 4195 721 4251 Eia-rem:
765 4197 841 4254 Rem
852 4197 913 4256 vid.
927 4195 1007 4276 apud
1028 4197 1101 4256 Plin.
1122 4197 1142 4256 l.
1157 4199 1176 4256 l
1193 4199 1287 4276 polrus

184 4283 221 4332 ut
234 4271 339 4334 haberi
346 4279 441 4356 poerit
454 4279 491 4336 nb
503 4299 552 4354 eo;
574 4285 610 4336 ut
622 4279 723 4357 capin—
766 4285 883 4356 aristn,
906 4302 972 4361 pro,
993 4279 1091 4341 hcrbia
1105 4281 1288 4362 surgantur

185 4365 237 4415 tur
257 4375 357 4419 mauu.
378 4363 513 4422 Ιιαὸειιιίο
534 4362 665 4442 passive,
688 4371 725 4422 ut
765 4376 802 4427 ut
814 4368 899 4426 Serv.

185 4439 302 4499 Lucret.
316 4441 339 4516 1,
360 4447 423 4508 313
443 4450 584 4507 aanor
595 4452 628 4506 in
640 4449 724 4526 digi-
809 4451 882 4518 254.
899 4451 970 4518 255.
992 4453 1063 4518 256.
1090 4451 1189 4512 Solum
1206 4465 1285 4528 grave
