2784 4988
250 387 405 468 ΤΟΜΙ
431 388 500 468 ut
526 387 684 469 tutu.
710 389 941 468 Purattu
1052 413 1157 466 ruvrr

87 575 283 674 latomis,
321 575 466 656 saltem
493 575 759 674 generosioris
789 575 962 673 indolis,
998 577 1157 655 tradere

84 705 199 780 possem
221 681 261 756 in
289 705 436 758 manus
468 691 632 781 poetam
661 679 715 757 ita
747 678 1002 777 adornatum,
1041 683 1156 760 utin

84 782 316 884 btupretandi
352 785 555 863 rationem
590 795 800 886 artemque
829 783 1156 884 luculentiorem,

82 911 165 990 paor
182 913 252 990 qua
274 887 395 987 urlg'o
414 888 473 964 uti
497 886 648 984 solent,
677 887 773 965 inde
789 887 1003 986 discerent,
1032 901 1072 966 ot
1086 883 1158 990 ap-

81 1003 214 1088 paratum
239 992 421 1072 criticum
452 989 649 1068 haberent
681 989 1005 1094 locupletiorem,
1043 991 1156 1069 unde

79 1095 225 1170 ruentis
249 1119 292 1170 ac
314 1093 568 1198 corruptelae
593 1095 746 1170 varium
767 1119 945 1192 morem,
971 1094 1156 1175 medelae

77 1193 258 1274 derosae
273 1200 537 1298 sagacitatem,
554 1223 598 1274 ac
616 1199 764 1276 criseos
776 1197 982 1277 faciendae
995 1213 1156 1296 gustum

76 1297 222 1400 aliquem,
248 1327 393 1404 capere
411 1327 456 1378 ac
470 1325 609 1404 parare
629 1302 703 1380 sibi
722 1315 898 1403 possent
948 1303 1033 1378 Etsi
1047 1304 1156 1380 eninr

76 1401 226 1480 editiones
246 1404 492 1484 haberemus
515 1405 663 1504 Virgilii
689 1405 837 1484 multas
859 1419 900 1481 et
923 1405 1155 1506 praeclaras,

75 1503 184 1584 nullam
195 1521 329 1588 umen
344 1509 534 1586 videbam
548 1533 650 1604 esse,
678 1535 780 1610 quae
795 1507 863 1586 tali
878 1507 1045 1586 consilio
1066 1509 1155 1588 satis

76 1612 300 1708 sponderet.
353 1618 458 1692 Nam
476 1613 694 1690 Burmanni
715 1611 837 1692 editio
865 1613 1015 1690 criticas
1034 1613 1155 1690 ratio-

76 1736 123 1786 nes
148 1717 391 1816 potissimum
416 1718 612 1819 sequitur3
651 1741 727 1793 nec
747 1717 918 1896 ubbprm
952 1715 1004 1794 ad
1030 1717 1154 1792 inter-

75 1821 290 1914 pretationem
315 1833 454 1898 autem
475 1846 618 1921 parum
639 1819 824 1922 praesidii
869 1821 969 1898 abet
1023 1819 1154 1898 Cerde

77 1943 156 2018 uro,
191 1937 294 2002 totus
319 1925 639 2026 interpretationi
666 1923 862 2022 addictus,
906 1922 1154 2000 doctissimus

74 2019 177 2119 borno,
206 2029 370 2130 partim,
403 2053 478 2130 pro
500 2027 644 2104 saeculi
665 2029 725 2104 sui
746 2053 882 2124 more,
914 2027 1071 2128 copiam
1093 2023 1152 2103 es-

75 2119 166 2204 lundit
180 2131 377 2228 inutilem,
409 2132 556 2233 partim
575 2131 722 2210 iudicio
748 2133 872 2208 utitur
895 2155 1038 2232 parum
1058 2129 1153 2206 sub-

73 2227 149 2306 tiliet
160 2234 367 2336 explorato.
400 2239 448 2312 ln
464 2238 602 2313 Ruaeo
620 2261 663 2311 ac
674 2226 861 2330 Catroeo,
883 2259 967 2312 non
982 2233 1153 2310 indoctis

74 2329 323 2435 interpretibus,
352 2335 478 2415 altero
505 2339 624 2414 etiam
642 2340 849 2437 ingenioso
864 2337 1051 2428 homine,
1080 2337 1152 2414 etsi

73 2435 425 2538 perlustrantium,
454 2467 572 2544 quam
594 2455 642 2519 nt
660 2468 789 2544 aequo
804 2443 938 2521 animo
953 2439 1049 2516 ferri
1063 2465 1153 2541 pos.

72 2537 116 2632 rit,
134 2539 320 2624 doctrinae
336 2543 596 2622 subtilitatem
609 2543 725 2624 facile
746 2546 968 2636 desiderem
993 2556 1040 2619 ut
1056 2567 1153 2618 con-

74 2651 112 2716 tra
128 2645 159 2720 irr
178 2651 371 2754 Trappio,
406 2649 475 2752 qui
499 2648 625 2726 multa
649 2651 760 2728 utilia
786 2663 826 2726 et
853 2649 902 2725 ab
932 2646 1014 2722 aliie
1043 2645 1153 2722 haud

75 2745 298 2830 animadversa
319 2749 452 2846 affert,
469 2767 510 2830 et
523 2753 656 2830 iudicii
672 2776 840 2830 acumen
859 2765 899 2828 et
918 2773 1016 2825 vero
1031 2748 1152 2824 etiam

74 2845 228 2944 ingenium
254 2856 415 2958 poetica
451 2855 641 2954 elegantia
671 2855 854 2956 politum.
912 2853 1154 2931 coniunctas

73 2965 165 3030 ulem
180 2972 216 3034 et
235 2959 381 3036 doctae
406 2960 742 3060 interpretationis
766 2972 807 3034 et
827 2957 972 3034 criscos
995 2979 1153 3031 accura-

74 3063 112 3128 tae
127 3081 162 3134 ac
181 3059 376 3162 diligentis
396 3075 546 3164 partes,
571 3077 618 3140 ut
640 3076 744 3140 esset
765 3059 993 3162 exemplum
1012 3060 1052 3136 in
1066 3063 1152 3136 Ma-

74 3178 140 3234 ttue
155 3169 418 3266 propositum,
464 3191 544 3265 quo
571 3180 798 3263 uterentur,
835 3165 902 3268 qui
921 3163 993 3242 has
1018 3161 1151 3240 literas

73 3261 167 3438 ⁴pzpllo
203 3271 395 3348 eruditius
432 3281 598 3346 tractare
634 3269 802 3369 vellent,
856 3291 1055 3369 nusquam
1093 3265 1149 3342 vi-

126 3391 187 3450 tm,

143 3475 239 3567 erae
265 3499 362 3554 curn
391 3474 526 3551 animo
557 3473 782 3572 volverem,
816 3475 946 3550 statim
967 3471 1016 3548 ab
1037 3471 1151 3546 initio

74 3559 201 3652 fundum
228 3579 301 3656 ieci
332 3579 669 3680 interpretationis
694 3603 809 3656 meae
831 3576 962 3656 multo
982 3572 1152 3675 amplio-

74 3692 146 3770 rem,
167 3705 279 3781 quarn
299 3705 379 3784 pro
404 3705 454 3758 eo
478 3683 519 3758 in
539 3683 651 3784 quod
676 3695 920 3763 conventum
944 3689 1036 3756 erat
1088 3675 1150 3753 Id-

75 3795 127 3870 que
146 3784 263 3882 potius
284 3785 462 3886 respexi,
496 3785 595 3888 quid
613 3811 681 3864 me
705 3785 883 3878 deceret,
911 3805 1033 3884 quam
1054 3778 1152 3962 qpid

76 3897 146 3956 tut
158 3887 425 3984 postularetur.
459 3893 542 3966 Nec
557 3915 625 3966 me
644 3889 843 3991 poenituit
865 3908 1023 3987 operae.
1108 3909 1151 3958 rr-

76 3995 172 4073 lffffls
188 3992 288 4070 enim
308 4017 404 4068 sum
422 3988 604 4070 favorem
624 3994 812 4071 eximium
831 4013 876 4068 ac
892 3986 1070 4066 studium
1093 3987 1151 4062 vi-

78 4101 174 4166 rorum
192 4093 405 4173 doctorum
425 4095 638 4194 singulare,
668 4097 788 4173 etiam
810 4093 851 4169 in
875 4088 1152 4170 condonandis

80 4193 245 4292 multus,
293 4223 418 4302 quos,
457 4199 636 4304 inprimis
668 4202 711 4276 in
744 4197 879 4300 priore
920 4193 1150 4288 volumine,

82 4305 140 4366 um
165 4295 351 4380 festinatio
389 4315 477 4378 turn
512 4303 759 4380 imbecillitas
795 4299 970 4378 humana
1006 4293 1152 4374 effudit

85 4385 186 4480 ubres
219 4431 393 4506 quorum
421 4405 643 4486 indiculum
672 4406 930 4500 sublimem,
962 4402 1036 4478 nisi
1060 4423 1151 4500 spes
