2758 4990
166 315 524 394 GEORGICON
549 315 656 394 LIB.
682 317 754 412 IV,
785 324 1003 396 tto-ten
1070 325 1144 399 611

45 503 202 578 Forsitan
222 516 278 599 et,
305 502 461 603 pinguis
476 500 617 577 hortos
632 527 733 602 quae
748 527 839 580 cura
856 502 1014 579 colendi

47 608 213 700 Ornaret,
242 631 445 699 canerem,
471 603 672 706 biferique
689 607 835 682 rosaria
852 608 1001 702 Paesti3

47 713 197 809 Quoque
210 709 336 785 modo
354 711 458 810 potis
472 708 691 808 gauderent
706 709 842 786 intuba
856 711 965 805 rivis,
1072 719 1145 790 120

45 815 85 886 Et
99 811 233 887 virides
250 814 339 913 apio
356 814 483 914 ripae;
510 825 719 912 tortusque
738 837 812 913 per
826 812 995 889 herbam

46 917 229 990 Cresceret
245 917 285 990 in
299 929 482 992 ventrem
500 916 694 1008 cucumis3
721 939 797 991 nec
813 941 899 993 sera
917 930 1145 994 comantem

45 1019 264 1116 Narcissum,
292 1033 359 1096 aut
372 1017 462 1096 llexi
478 1021 687 1096 tacuissem
702 1020 836 1096 vimen
854 1019 1020 1116 acanthi,

72 1225 114 1278 118
129 1227 226 1279 colenti
239 1226 307 1278 Gad.
322 1245 338 1278 a
351 1243 386 1279 m.
401 1243 463 1292 aec„
481 1227 553 1296 qnod
573 1225 607 1279 ab
628 1224 803 1278 emendatrice
824 1244 902 1278 manu
917 1227 1079 1294 proiectum,
1097 1245 1146 1280 ex-

24 1347 25 1350 ,
44 1293 145 1359 quiritius
160 1307 197 1347 eat
211 1297 327 1364 vulgato.
350 1297 421 1348 torte
436 1297 567 1361 colentia,
592 1294 677 1365 inquit
691 1297 786 1360 Burm,
804 1296 875 1366 qnod
892 1315 999 1348 necesse
1012 1297 1081 1349 haud
1101 1317 1146 1350 es-

44 1371 82 1414 set
133 1363 351 1438 decisoriam,
368 1367 481 1419 indocte.
505 1365 722 1419 remanentes
735 1383 769 1416 nr.
785 1383 825 1434 pr.
851 1365 930 1434 (idem
944 1385 1069 1418 ornarem
1082 1385 1097 1419 a
1111 1387 1145 1420 m.

44 1445 75 1496 pr.
93 1435 157 1502 Wr.)
234 1437 287 1490 120
302 1433 412 1500 intuba,
435 1433 546 1504 intyba,
571 1433 673 1498 intiba,
700 1433 829 1486 scribitur.
862 1453 886 1488 ν.
906 1453 962 1504 sup.
977 1437 1025 1486 Ge.
1046 1439 1067 1500 1,
1087 1439 1145 1491 120.

42 1502 244 1618 positia-fibris
258 1505 426 1574 Longobard.
457 1507 557 1576 positia
569 1505 611 1556 ed.
627 1506 703 1567 Ven,
721 1514 748 1554 et
759 1502 845 1570 fibris
864 1503 943 1556 etiam
961 1505 1083 1558 Priscian.
1100 1506 1145 1558 lib.

54 1569 114 1621 Xer
135 1575 173 1624 XI
194 1575 322 1642 agnoscit.
367 1575 420 1626 Sed
438 1571 489 1626 hoc
510 1574 581 1626 haud
603 1573 682 1626 dubie
708 1590 740 1623 ex
760 1575 856 1642 Georg.
882 1575 908 1637 l,
930 1575 983 1628 120
1009 1576 1145 1644 repetitur.

44 1639 80 1692 121
98 1643 186 1694 viridis
205 1645 299 1712 fragm.
319 1644 404 1696 Vatic.
436 1643 525 1712 (etiam
544 1643 655 1706 Medic,
684 1641 732 1692 aad
750 1642 840 1694 ultima
854 1642 903 1695 a'in
924 1663 939 1694 e
959 1661 975 1695 a
995 1663 1072 1696 manu
1093 1663 1146 1698 rec.

44 1719 146 1763 arctatur.
167 1715 239 1780 Wr.)
277 1713 488 1784 totusque'l'cll.
517 1710 684 1795 perherbac
695 1711 777 1763 Goth.
792 1731 834 1782 pr.
848 1712 946 1781 Regius
965 1721 992 1764 et
1008 1717 1049 1765 ed.
1064 1715 1145 1767 Paris.

43 1779 104 1831 1494.
175 1785 224 1836 122
242 1801 306 1834 sere
327 1783 421 1834 Medic.
442 1793 470 1834 et
489 1783 535 1834 aln
555 1781 632 1846 boni,
656 1781 742 1844 recte3
764 1800 828 1834 aere
849 1781 901 1834 duo
924 1781 1005 1834 Pierii
1025 1783 1146 1836 etmulti

42 1844 91 1912 dii,
105 1849 170 1918 quod
183 1861 210 1902 et
224 1852 333 1920 vulgare
347 1861 403 1918 est,
422 1861 449 1903 at
461 1861 546 1904 metro
559 1859 697 1920 repugnat.

21 2015 91 2098 'pini
110 2023 165 2084 lrac
186 2027 222 2086 de
248 2047 281 2086 re
303 2027 465 2108 insipidum
487 2048 563 2109 opua
603 2025 738 2108 inprimis
753 2024 885 2084 Thomae
898 2025 1019 2106 Mayor,
1041 2037 1072 2087 et
1087 2029 1147 2088 Co·
1209 2061 1216 2068 ·

41 2105 65 2163 in
77 2105 149 2170 lrunc
165 2131 287 2173 censum
303 2134 364 2172 non
381 2113 473 2173 'venit
487 2113 561 2174 Plin.
604 2113 685 2173 mitis
706 2111 743 2172 de
765 2111 875 2170 Gaaola
903 2114 1019 2172 editore
1043 2115 1146 2175 Paullo

41 2191 127 2268 litt
143 2197 562 2278 Quamquamvidemuth'r-
605 2199 676 2259 Ant.
699 2197 787 2258 Pauli.
817 2197 944 2276 biserum
961 2209 1061 2270 autern
1073 2222 1146 2280 pro-

20 2281 132 2352 ,gtlt'um
152 2285 472 2362 praecellentissimum
503 2307 563 2344 να-
604 2295 674 2364 pter
697 2283 839 2362 egregiam
861 2283 933 2341 caeli
950 2284 1146 2362 clementiam,

19 2427 22 2436 s
41 2373 102 2438 tem,
131 2389 165 2426 ea
185 2371 222 2428 de
237 2391 347 2428 rauna
367 2370 481 2450 (rerum
501 2369 563 2429 hu·
606 2380 636 2428 et
663 2369 703 2426 ad
727 2367 850 2426 Homeri
883 2368 1081 2428 imitationem
1110 2371 1147 2430 de

39 2449 159 2536 militate)
172 2455 324 2514 hortorum
336 2455 418 2513 dotes
424 2455 561 2532 jitgiree,
606 2453 723 2513 Alcinoi
734 2451 831 2511 hortis
843 2451 901 2510 Od.
913 2477 942 2530 η,
957 2457 1067 2516 117-
1077 2460 1146 2518 121.

19 2607 20 2610 ¹
40 2545 61 2589 et
75 2557 88 2592 e
103 2545 205 2615 tantis,
229 2561 308 2620 quae
327 2541 444 2614 retulit,
467 2543 564 2618 florea
608 2537 759 2621 (Tradidit
779 2537 817 2595 de
831 2536 933 2596 Mileto
949 2536 1087 2598 Aetlrlius
1102 2559 1148 2598 ae·

20 2691 22 2696 ,
38 2623 111 2680 modo
122 2647 217 2684 rerum
232 2628 421 2703 decerpsisse,
446 2625 565 2683 beatum
608 2624 742 2685 cundum
752 2620 939 2680 Athenaeum
949 2623 968 2680 1.
976 2623 1054 2698 xtv,
1062 2645 1087 2684 c.
1098 2629 1146 2689 19.

19 2781 21 2784 Ι
32 2703 197 2789 felicemque
218 2713 358 2790 gratiae,
389 2719 446 2770 etc.
487 2711 565 2770 Ver·
607 2731 636 2792 p.
654 2713 727 2773 379.
743 2706 856 2767 Schwc
878 2711 983 2769 Σῦκον
999 2709 1050 2770 eol
1069 2704 1147 2788 ῥόδα

20 2809 77 2874 7ννν
96 2807 164 2856 aunt
187 2797 275 2874 longe
290 2795 488 2872 onratiasimi,
516 2797 564 2855 in·
608 2796 656 2870 δὶς
669 2797 726 2857 τοῦ
740 2793 883 2856 ἐνιαυτοῦ
898 2792 1021 2875 ἐγένετο.
1038 2793 1146 2878 Wele.)

39 2877 128 2954 primia
170 2880 335 2942 herbarum
378 2881 566 2942 hortensium
610 2885 681 2946 120.
710 2880 839 2939 Errarrat
880 2879 1026 2938 nonnulla
1066 2881 1148 2940 olera

19 3019 20 3022 ,
37 2963 159 3040 epithetis
174 2978 205 3027 et
217 2968 283 3026 aliia
300 2965 462 3027 attributis.
608 2965 761 3028 hortensia
774 2975 805 3024 et
820 2965 977 3024 coronaria
994 2985 1032 3026 ex
1047 2968 1147 3047 topia-

75 3053 261 3118 tte-tet.
284 3053 422 3112 Forsitan
444 3053 567 3112 decura
608 3054 669 3114 riis.
712 3043 754 3110 De
779 3051 880 3110 moto
901 3051 961 3110 vid.
985 3051 1024 3112 ad
1041 3053 1146 3132 Georg.

37 3127 182 3196 hortorum
203 3140 354 3198 dixissem.
397 3139 459 3198 lam
474 3159 566 3198 orna·
607 3139 716 3214 1,120.
759 3137 890 3214 Apion,
914 3138 1040 3214 σέλινον,
1062 3140 1147 3198 varia

19 3221 90 3302 lum
102 3219 312 3304 contemplare.
351 3229 421 3288 118.
432 3227 566 3304 pingues
606 3223 698 3284 habet
718 3239 845 3302 genera,
872 3231 909 3281 ut
924 3225 1146 3304 petroselinum.

34 3301 137 3382 lenos,
162 3311 228 3370 solo
243 3311 344 3390 pingui
359 3309 492 3388 adeoque
504 3311 566 3369 ser·
608 3309 667 3370 Sed
690 3307 740 3368 lric
757 3309 896 3387 paluels-a
921 3309 1147 3388 intelligendum

34 3387 80 3448 lili.
103 3415 274 3472 quaecum
306 3397 423 3454 colertdt'
451 3408 567 3454 ornaret
608 3396 749 3470 videtur,
777 3394 864 3454 nobis
892 3395 991 3473 Selery
1015 3395 1146 3472 dictum,

35 3472 138 3555 donor,
160 3481 192 3540 in
207 3482 324 3560 vulgari
344 3482 492 3541 oratione:
516 3503 563 3539 es·
607 3481 689 3562 quod
702 3479 774 3540 locis
783 3480 875 3558 riguis
884 3479 1001 3558 gaudet.
1012 3481 1146 3540 cf.Mart.

33 3573 86 3633 ειη
108 3565 136 3622 in
155 3587 216 3645 qua
239 3570 328 3626 etiam
352 3575 488 3648 tempora
508 3567 565 3625 ali·
609 3571 679 3632 121.
708 3569 777 3630 122.
800 3567 876 3625 Usus
897 3565 1000 3624 eadem
1021 3566 1147 3644 imagine

19 3645 73 3704 vter
85 3649 137 3710 sibi
153 3653 388 3733 responderent:
410 3653 564 3727 traherem,
606 3654 743 3733 Propert.
758 3649 807 3726 lV,
821 3655 851 3726 2,
859 3649 900 3714 43
924 3651 1147 3710 Caemleuacro-

25 3729 218 3814 festinarem,
238 3773 280 3785 -
297 3759 441 3798 canerem.
494 3741 565 3802 119.
607 3742 712 3812 cumn,
727 3736 897 3814 tumidoque
909 3735 1061 3796 cucurbita
1074 3759 1147 3796 ven-

33 3817 182 3898 Poeatum,
212 3845 234 3883 a.
252 3823 434 3900 Posidonia,
467 3821 565 3882 Luca·
607 3837 659 3884 ιη.
715 3825 785 3885 122.
817 3824 885 3884 123.
920 3821 963 3879 lle
1001 3823 1147 3882 Narcisso

33 3901 90 3960 niae
104 3908 187 3977 urbs,
211 3909 249 3968 acl
264 3911 362 3969 sinurn
378 3911 565 3984 Paestanum,
608 3909 670 3970 vid.
686 3925 776 3987 supra
792 3905 831 3964 ad
845 3905 906 3964 Ecl.
926 3905 962 3981 ll,
976 3905 1027 3983 48,
1043 3918 1073 3966 et
1084 3907 1115 3967 lr.
1125 3907 1146 3968 l.

32 4005 85 4048 non
104 3991 190 4073 longe
214 4015 231 4053 a
251 3997 361 4071 Silero,
390 3996 466 4055 rosis
486 3993 566 4054 clara
608 3994 729 4057 Martin.
773 3991 900 4050 Videtur
925 3991 1037 4052 scilicet
1061 4003 1148 4053 vete-

32 4075 95 4133 arln
123 4079 206 4158 apud
237 4091 364 4162 poetae,
401 4101 416 4138 a
445 4081 567 4158 triginta
608 4102 678 4142 aum
686 4077 839 4138 Narcissus
849 4079 1148 4140 essell'areirsuano·

31 4147 93 4219 inde
128 4167 215 4224 annia
247 4175 372 4246 propter
400 4167 567 4246 praeclaras
610 4177 673 4226 ater
692 4163 779 4222 albric
805 4163 917 4220 cr'rculo
934 4185 1084 4241 prtrpnreo
1098 4165 1147 4226 vel

31 4245 125 4307 minas
149 4251 276 4328 nobilia,
305 4253 437 4328 itemque
456 4273 567 4312 numo-
608 4273 708 4310 croceo
720 4251 826 4306 minor.
872 4245 931 4306 Sed
944 4269 1009 4308 aera
1022 4271 1147 4308 conuen-

31 4346 92 4391 rum
107 4345 247 4396 veterum
265 4346 456 4416 repertorum
473 4337 566 4416 copia.
609 4351 686 4410 tem,
716 4353 782 4393 aero
802 4333 976 4410 florentem,
1008 4335 1146 4416 appellat,

31 4413 103 4478 Sunt
126 4421 165 4480 de
194 4421 242 4482 hia
264 4423 431 4483 multorum
460 4441 566 4506 opera,
609 4419 754 4502 quodsub
763 4417 953 4478 clementiore
964 4416 1044 4481 caelo
1058 4421 1147 4480 etiam

850 4519 938 4591 30*
