2710 4998
204 409 258 462 cn
514 385 624 461 TIB.
659 384 739 461 CL.
772 383 1013 460 DONATI
1090 369 1096 382 '

161 599 196 654 30
289 578 359 637 XX.
381 576 469 637 Nunc
487 577 629 655 quoniam
650 573 688 636 de
707 588 827 636 auctore
846 574 1019 636 sunsmstim
1037 574 1186 654 discimus,
1218 575 1268 636 de
1282 579 1352 657 ipe.

203 665 264 724 iem
277 667 410 724 carmine
424 663 585 723 dicendum
598 659 737 722 videtur:
765 659 850 742 quod
862 661 1002 720 bifariam
1016 663 1145 722 tractari
1160 663 1263 738 solet,
1291 663 1355 724 ho·

205 758 271 827 est,
294 759 509 827 cleronomis,
532 759 564 808 et
579 749 612 808 in
625 750 691 828 ipso
709 768 804 828 opere.
848 745 929 807 Ante
948 768 1040 828 opus,
1062 750 1183 823 ιίιιιΙιιι,
1208 771 1345 810 cumea

204 839 337 894 intentio.
383 835 518 911 Titulus,
544 835 578 894 in
599 855 660 913 qno
677 835 848 914 quaeritur,
885 835 970 894 eteius
996 835 1043 894 sit.
1094 835 1225 911 Caussa,
1262 837 1354 896 und·

205 929 307 981 ortum
316 921 364 996 sit,
386 931 418 980 et
432 940 525 998 quare
539 919 600 980 hoc
612 921 799 1001 potissimum
813 920 868 980 sibi
881 921 921 980 ad
933 919 1126 980 scribendum
1138 931 1235 1002 poeta
1252 943 1340 1002 pra

168 1001 354 1078 [sumunt.
397 1006 545 1082 intentio,
576 1006 609 1066 in
628 1027 688 1086 qua
717 1007 924 1086 cognoscitur,
961 1007 1036 1088 quid
1064 1007 1182 1068 efficere
1208 1019 1355 1068 conec·

205 1101 304 1174 poeta.
346 1093 382 1152 ln
402 1093 469 1172 ipso
490 1111 581 1173 opere
601 1112 673 1151 sane
692 1093 753 1151 trin
769 1101 964 1172 spectantur,
985 1113 1140 1168 nemum,
1162 1093 1267 1169 crdo,
1298 1115 1341 1152 ex

162 1179 355 1258 septenario.
402 1179 548 1253 Quemvis
571 1178 663 1257 igitur
682 1179 780 1238 multa
802 1179 1022 1260 ψευδογραφῆ,
1049 1175 1084 1238 id
1107 1188 1170 1254 est,
1199 1181 1290 1240 isles
1301 1182 1337 1240 in

204 1265 385 1344 scriptione,
407 1264 463 1324 sub
482 1264 579 1324 alieno
598 1263 720 1323 nomine
739 1273 811 1323 sunt
829 1263 966 1343 prolata,
995 1273 1032 1324 nt
1053 1261 1202 1345 Thyestes
1217 1276 1335 1348 trag··

206 1350 256 1412 dia
279 1349 369 1410 huius
388 1359 512 1431 poetae,
540 1369 630 1429 quam
651 1351 759 1411 Verius
780 1351 876 1409 edidit
900 1369 956 1430 pro
977 1369 1046 1422 sus,
1068 1359 1099 1410 st
1119 1351 1178 1409 elin
1192 1349 1256 1410 hui
1309 1382 1335 1405 ..

205 1435 303 1515 modi3
330 1445 433 1496 teman
453 1436 604 1496 Bucolica
627 1435 742 1515 liquido
766 1435 880 1514 Virgilii
905 1455 967 1494 esse
987 1435 1109 1496 minime
1131 1435 1299 1498 dubitsnd

204 1532 263 1582 est:
290 1521 467 1603 praesertim
490 1541 558 1581 cum
580 1523 642 1601 ipse
658 1532 763 1603 poeta,
791 1533 945 1600 nmquam
960 1521 1020 1581 hoo
1043 1532 1198 1600 metuens,
1222 1525 1336 1606 princi

205 1607 291 1688 pium
309 1607 400 1668 huius
422 1607 521 1686 operis
544 1617 576 1666 et
595 1609 628 1666 in
647 1608 797 1690 principio
822 1607 972 1668 Aeneidos
1005 1618 1036 1668 et
1058 1609 1091 1668 in
1113 1607 1172 1668 elio
1204 1629 1355 1672 carmine

205 1713 294 1754 suum
305 1711 368 1752 esee
380 1701 508 1752 testatus
521 1693 577 1770 sit,
600 1693 715 1752 dicensi
741 1748 744 1756 ,
1212 1713 1216 1731 ·

371 1796 430 1856 Ille
444 1813 501 1874 ego
508 1842 516 1873 ,
540 1798 593 1876 qni
605 1797 757 1876 quondum
769 1799 884 1876 gmciii
893 1795 1065 1856 modulans
1078 1817 1189 1874 avenn,

205 1897 379 1978 etreliqua:
402 1907 442 1974 ct,

374 2001 517 2062 θανιιιὺια
532 2005 587 2084 qui
596 2003 657 2062 luci
667 2015 825 2081 pasionem
832 2047 840 2078 ,
865 1999 1027 2082 audaxque
1041 2003 1172 2078 moena,

378 2091 476 2168 Tityre
490 2100 517 2148 te
525 2088 655 2167 patulae
669 2091 765 2146 cecini
776 2087 830 2147 cub
842 2090 972 2166 tegmine
977 2087 1067 2166 sagi.

164 2187 345 2269 &Bucolica
362 2199 462 2250 sutem
478 2191 596 2267 ecdici,
618 2200 649 2250 et
662 2199 743 2250 recte
757 2189 914 2271 appellari,
943 2189 993 2250 vel
1006 2187 1065 2248 hoc
1080 2188 1177 2250 solnm
1192 2191 1347 2251 indicium

204 2275 370 2352 suffecerit,
393 2276 476 2355 quod
497 2276 557 2337 hoc
576 2276 682 2338 codem
707 2276 827 2336 nomine
852 2274 935 2356 apud
955 2273 1150 2336 Theocritum
1170 2287 1346 2336 censeatur.

204 2361 318 2422 Verum
334 2365 412 2422 ratio
435 2382 554 2442 quoque
572 2361 806 2424 demonstranda
826 2371 879 2422 est.
923 2361 994 2420 Tria
1015 2371 1088 2422 sunt
1110 2371 1275 2441 pastorum
1295 2382 1346 2442 ge-

205 2467 298 2525 nera,
327 2467 405 2526 quae
429 2447 604 2528 dignitatem
623 2449 655 2508 in
677 2448 824 2510 Bucolicis
842 2447 971 2507 habent:
997 2467 1127 2526 quorum
1147 2448 1199 2527 qui
1224 2448 1346 2509 minimi

206 2543 279 2594 sunt
290 2578 300 2611 ,
320 2529 444 2598 uindice
466 2534 610 2596 dicuntur
630 2555 648 2593 a
670 2535 812 2611 Graecis3
832 2533 925 2593 iidem
939 2553 957 2591 a
971 2535 1058 2595 nobie
1070 2534 1216 2613 caprarii:
1240 2535 1343 2616 paullo

206 2619 431 2696 honoratiores,
454 2621 506 2700 qui
518 2621 676 2700 ποιμένες,
703 2619 736 2680 id
753 2629 816 2695 cst,
840 2619 984 2700 opiliones
1005 2619 1164 2680 dicuntur:
1186 2619 1345 2682 honestis·

207 2706 288 2782 simi,
311 2715 343 2766 et
364 2706 501 2782 maximi,
531 2700 690 2788 βουκόλοι,
713 2706 948 2788 quosbubuloos
967 2705 1102 2766 dicimus.
1145 2706 1237 2767 Unda
1252 2709 1344 2788 igitur

207 2793 299 2873 magis
313 2793 417 2852 debuit
433 2793 576 2872 postorali
591 2793 718 2854 carmini
735 2811 845 2854 nomen
862 2792 993 2872 imponi,
1022 2812 1113 2870 quam
1128 2793 1165 2852 ab
1180 2813 1217 2852 eo
1234 2793 1342 2874 gredo,

165 2879 260 2958 sequi
280 2878 362 2958 apud
376 2879 541 2959 pastorales
562 2879 825 2940 excellentissimus
839 2878 1016 2938 invenitur?
1041 2878 1158 2936 Cassera
1179 2879 1343 2961 dupliciter

208 2964 315 3044 inspici
330 2963 419 3023 solet:
442 2965 479 3023 eb
497 2969 612 3042 origine
625 2965 780 3040 carminis,
803 2973 835 3023 et
850 2984 867 3021 a
880 2965 1031 3024 commate
1044 2964 1210 3024 scribentis.

166 3060 202 3117 04
294 3049 379 3108 XXl.
405 3048 561 3128 origenem
575 3060 679 3112 autem*
689 3050 823 3110 Bucolici
837 3049 976 3109 carminis
985 3047 1037 3108 alii
1049 3049 1089 3109 sd
1102 3050 1191 3109 alim
1204 3068 1343 3111 mussans

208 3179 353 3233 llicnreae
372 3179 495 3234 studium.
527 3183 561 3234 cf.
582 3183 620 3235 nd
638 3201 679 3253 pr.
697 3183 753 3236 Ecl.
795 3176 852 3236 rom
872 3199 968 3252 genere
988 3181 1151 3250 dicerentur,
1177 3195 1265 3255 utque
1278 3183 1341 3238 sdeo

207 3199 254 3305 lii·
795 3249 965 3325 βουκολικὸν
984 3251 1140 3322 simpliciter
1158 3265 1232 3307 esset
1242 3267 1342 3328 pasee-

243 3319 268 3390 §.
283 3319 325 3373 80.
343 3319 417 3382 Quae
431 3329 585 3388 sequuntur,
602 3320 669 3374 male
687 3337 753 3374 nar·
795 3326 897 3376 risium.
928 3322 1011 3375 Mults
1023 3331 1112 3374 tamen
1125 3341 1157 3376 ex
1169 3325 1220 3378 bac
1235 3335 1340 3394 etymo-

208 3389 306 3444 rstioni
328 3388 435 3440 devite
455 3389 574 3441 subiecta
594 3399 669 3456 sunt,
695 3407 753 3444 cnm
794 3393 868 3462 logie
880 3391 993 3444 suaviter
1005 3391 1110 3444 eliciunt
1124 3393 1284 3464 scriptores,
1300 3391 1341 3462 qsl

209 3461 244 3513 ad
264 3458 322 3511 sola
340 3457 463 3510 Bucolica
482 3458 642 3528 respiciant,
672 3469 752 3530 etque
795 3464 830 3515 de
850 3461 971 3514 bucolico
988 3461 1104 3514 carmine
1128 3473 1256 3533 egerunt:
1280 3481 1305 3514 r.
1319 3479 1337 3513 e.

208 3529 251 3582 his
280 3529 370 3600 potius
397 3529 566 3598 praefigenda
593 3529 654 3581 sint.
688 3533 754 3583 Sunt
796 3531 1170 3599 Quadrinverbosusbomo,
1183 3535 1264 3586 della
1276 3535 1336 3585 Seo-

209 3616 273 3652 rero
296 3615 327 3650 eo
349 3597 388 3649 ite
401 3609 566 3667 comparate,
584 3609 614 3651 nt
628 3616 682 3651 non
695 3617 754 3653 ms-
796 3605 840 3654 ric
853 3621 869 3652 e
885 3601 961 3652 della
973 3603 1101 3674 Rogicne
1115 3601 1147 3654 d’
1164 3606 1233 3676 ogni
1244 3602 1339 3656 Pescia

210 3685 288 3738 gnum
303 3667 366 3720 inde
377 3668 490 3720 fructum
504 3687 599 3738 capere
612 3669 707 3740 possis.
796 3669 858 3724 Vol.
872 3672 904 3732 ll,
921 3687 948 3739 p.
961 3672 1024 3724 600.

245 3739 268 3804 d.
277 3739 322 3791 81.
335 3737 525 3807 ψευδογραφῆ
535 3757 542 3771 ·
554 3739 633 3792 immo
647 3737 755 3807 ’ψευδε-
831 3741 855 3809 §.
870 3737 915 3793 84.
935 3741 1085 3860 Oriplinem:
1102 3757 1127 3792 r.
1142 3759 1221 3861 poam
1236 3735 1337 3806 Boleris

209 3807 349 3876 ιιιγροιφῆ.
385 3808 425 3860 De
444 3809 563 3876 Thyeste
589 3826 614 3862 v.
635 3827 693 3878 sup.
719 3808 754 3861 ad
795 3807 974 3878 praemisimus
1005 3825 1137 3878 egenere
1169 3807 1338 3864 condendis-

209 3876 233 3944 §.
245 3875 289 3928 50.
795 3877 1010 3946 putatiunculam.
1026 3879 1103 3932 Nihil
1114 3880 1143 3931 in
1157 3881 1279 3932 omnibus
1293 3875 1337 3936 Ιώ,

246 3945 269 4012 §·
289 3945 332 3999 82.
359 3963 439 4016 quom
461 3943 495 3998 ub
518 3963 550 3998 eo
569 3945 676 4017 gradu,
706 3946 755 4015 qui
797 3965 864 4017 qnae
882 3957 1027 4000 memorata
1049 3957 1126 4012 sunt,
1155 3960 1212 4012 est,
1245 3949 1273 4000 in
1291 3955 1336 4014 qu⁰

211 4011 288 4084 apud
299 4025 429 4084 pastores
449 4015 694 4067 excellentissimus
707 4015 755 4065 in·
796 4015 963 4086 acquiescere
979 4016 1074 4087 possis.
1109 4019 1172 4072 Non
1182 4017 1337 4071 videntho·

210 4084 330 4134 venitur.
366 4085 486 4153 lneptum
510 4093 552 4136 est
571 4083 637 4148 boo,
661 4099 755 4151 quam-
796 4085 880 4137 mines
893 4085 982 4150 docti,
1008 4086 1079 4138 aliud
1096 4105 1153 4140 esse
1169 4103 1274 4140 carmen
1291 4086 1335 4136 bo-

211 4169 287 4221 quam
299 4152 370 4220 opud
383 4153 572 4205 Grammaticos
591 4151 689 4221 passim
703 4151 754 4203 ob·
798 4155 909 4207 colicnm
923 4167 979 4207 arte
991 4155 1167 4220 elaboratum,
1193 4157 1265 4209 alind
1278 4151 1335 4206 rode

210 4220 288 4286 num,
307 4220 386 4272 etiam
398 4223 524 4287 Graecos,
539 4232 644 4274 utente
659 4222 754 4276 Theo·
799 4233 827 4275 et
851 4225 1003 4289 indoctum,
1045 4225 1099 4278 nod
1117 4225 1234 4296 impetes
1255 4219 1336 4285 enini,

211 4289 397 4431 indicii?
433 4288 678 4414 elidite
695 4289 756 4412 'ii
798 4292 1238 4420 iii¹“¹dileieei⁰²¹'iii⁰²i‘⁰
1251 4294 1334 4417 :dt

388 4397 395 4411 .
686 4397 694 4422 ,
840 4399 847 4414 .

212 4424 347 4500 βουκόλοι
375 4429 469 4482 eodem
488 4429 584 4495 modo,
614 4445 666 4500 qno
692 4444 754 4482 ιιοι-
798 4431 863 4483 deos
892 4444 1024 4502 agrestes,
1058 4383 1095 4486 ei)
1106 4423 1191 4487 saera
1204 4384 1292 4488 {inrum
1311 4439 1334 4481 ot

211 4496 306 4567 μένος,
326 4497 477 4552 omninode
491 4516 646 4570 quocunque
660 4507 755 4568 pasto—
796 4500 908 4555 fabulas.
953 4502 1051 4556 Bedese
1068 4512 1177 4572 temen,
1207 4519 1273 4577 quse
1298 4499 1333 4554 bic
