2706 5002
167 315 526 426 eucnemon
552 349 736 442 maru,
758 353 974 427 aaa-aaa
1060 351 1136 428 aaa

35 541 144 636 Saepe
165 534 273 612 diem
291 547 555 636 noctemque,
584 546 623 609 et
644 545 775 609 totum
795 558 841 610 ex
862 534 1003 612 ordine
1019 559 1135 613 men·
1230 509 1235 517 ¹
1345 521 1346 566 ³

591 661 693 731 sem,

32 741 187 816 Pascitur
204 741 314 839 itque
333 763 455 840 pecus
473 738 589 836 longa
607 740 647 814 in
667 738 820 814 deserta
838 738 922 814 sine
937 740 1026 816 ullis

31 844 215 943 Hospitiis:
242 855 396 918 tantum
416 843 543 943 campi
561 843 669 920 iacet.
713 842 857 918 Omnia
875 866 1012 918 secum

29 946 281 1022 Annentarius
296 943 392 1021 Aser
407 947 501 1042 agit,
528 958 776 1047 tectumque,
803 948 1044 1046 Laremque,

29 1057 224 1150 Armaque,
241 1048 577 1150 Amyclaeumque
595 1072 746 1145 canem,
760 1049 1020 1149 Cressamque
1033 1047 1136 1149 pha-

590 1164 748 1229 retram.
1056 1157 1133 1232 846

25 1260 105 1331 Non
123 1277 232 1330 secus
251 1277 293 1326 ac
312 1253 445 1353 patriis
461 1277 550 1328 acer
567 1256 772 1331 Romanus
791 1254 831 1328 in
850 1253 968 1328 armis

25 1358 162 1432 lniusto
179 1356 252 1432 sub
272 1353 378 1431 fasce
395 1357 497 1431 viam
516 1382 640 1458 quum
660 1357 797 1457 carpit,
826 1369 866 1432 et
878 1355 984 1432 hosti

24 1467 117 1535 Ante
135 1472 399 1559 exspectatum
414 1461 551 1560 positis
569 1473 643 1535 stat
660 1461 700 1535 in
720 1461 876 1558 agmine
894 1460 1036 1537 castris,

49 1667 101 1719 348
117 1667 217 1736 cmnpie
237 1683 302 1717 unua
315 1666 439 1718 Arundel.
462 1675 489 1717 et
510 1683 574 1718 uuae
596 1665 682 1716 Mead.
750 1665 803 1720 844
818 1669 1022 1718 Armentumue
1038 1663 1130 1730 fragm.

21 1735 98 1786 vatic.
115 1753 130 1784 a
144 1753 176 1785 m.
190 1752 242 1785 aec.
279 1733 449 1805 laboremque
462 1737 608 1796 Romanus,
625 1734 725 1786 librarii
740 1745 854 1802 stupore.
923 1734 975 1787 345
990 1735 1131 1784 Croesum-

20 1823 65 1872 que
85 1805 186 1872 Menag.
209 1803 255 1854 alt.
286 1805 404 1875 pleuretr
467 1823 500 1855 ue
524 1805 564 1855 ed.
589 1807 654 1854 lunt.
680 1803 784 1872 (Medic.
805 1803 980 1870 Amyclaeum
999 1821 1014 1853 a
1031 1819 1064 1852 m.
1081 1819 1131 1871 pra,

19 1873 169 1941 Amycleum
191 1891 206 1923 a
225 1891 276 1923 aec.
305 1875 376 1940 We.)
405 1823 499 1927 “mitid
523 1875 608 1924 Haud
622 1891 700 1924 tecue
722 1873 845 1935 Quinctil.
858 1874 912 1936 IX,
930 1872 955 1925 8.
980 1872 1038 1923 Nec
1053 1889 1132 1924 aecus

18 1943 93 1992 Goth.
107 1959 157 1992 aec.
227 1940 553 2012 5471nultoaubsaoce
572 1943 664 2010 fragm.
684 1943 770 1994 Vatic.
806 1959 884 2012 quom
897 1943 971 1992 Rom.
992 1951 1017 1991 et
1037 1941 1130 2008 fragm.
1167 1949 1173 1965 ‘

17 2011 98 2062 Vatic.
134 2011 196 2062 dum
210 2011 312 2062 Nonius
326 2011 464 2063 Marcellus
479 2013 505 2062 in
512 2011 607 2082 saccea
620 2023 647 2062 et
660 2013 755 2063 Donat.
771 2011 797 2062 in
809 2013 917 2062 Terent.
931 2010 1010 2060 Andr.
1026 2012 1046 2073 1,
1065 2013 1088 2073 l,
1103 2013 1130 2065 9.

15 2081 95 2130 Porro
110 2092 137 2130 et
150 2080 254 2131 boetem
270 2081 363 2132 Medic.
383 2099 441 2132 em.
474 2099 495 2132 r.
511 2099 568 2132 curu
579 2081 637 2132 aliie
648 2080 778 2132 nonnullis
794 2079 907 2142 lleinaii,
925 2079 1031 2146 Regina,
1049 2080 1130 2131 Goth.

17 2167 65 2200 sec.
78 2149 141 2209 ert,
158 2148 221 2198 item
237 2149 295 2199 cod.
311 2149 423 2201 Fabricii
436 2100 566 2202 Clemnic.
587 2159 614 2201 et
626 2150 730 2218 vegetii
742 2160 806 2201 vett.
823 2149 883 2200 edd.
898 2151 918 2212 1,
937 2150 978 2202 19.
997 2149 1048 2198 duo
1065 2159 1129 2200 vett.

16 2219 74 2268 libri
87 2219 156 2286 apud
169 2217 296 2268 Pieriam:
314 2219 361 2269 aed
395 2237 520 2287 erperem.
555 2222 583 2270 ln
602 2219 707 2287 vegetii
722 2219 798 2270 codd.
818 2235 898 2287 porro
919 2226 960 2268 eet
976 2219 1064 2269 boetia
1080 2237 1130 2269 ex·-

13 2299 158 2357 epectotue,
177 2297 204 2337 et
219 2287 325 2349 laertem
345 2238 397 2339 vil.
410 2288 483 2339 Miac.
500 2289 574 2340 Obee.
588 2288 650 2340 vol.
668 2291 725 2351 Vll,
743 2307 769 2356 p.
787 2288 846 2341 1³9.
870 2287 945 2338 boeti
957 2286 1034 2336 etiem
1054 2289 1129 2338 llam.

13 2369 37 2406 et
51 2359 144 2422 fragm.
164 2355 250 2406 Vatic.
269 2365 384 2406 tuentur.
452 2355 505 2412 348
522 2369 579 2408 atat
598 2359 705 2428 aparine
722 2358 781 2406 aine
799 2359 827 2406 in
851 2358 1008 2426 Romanae..
1025 2367 1081 2406 utut
1100 2358 1129 2406 r'n

12 2427 109 2476 ordine
136 2423 231 2475 recitat
250 2425 391 2476 Arueietma
411 2425 522 2476 Melaina
544 2425 739 2477 Grammaticue.
782 2426 816 2474 tte
834 2424 872 2475 eie
893 2423 967 2474 Leid.
989 2431 1016 2472 et
1040 2439 1129 2491 mergo

11 2493 92 2546 Perit.
107 2512 149 2563 ep.
165 2493 319 2561 vegetium,
336 2493 407 2564 quod
420 2493 541 2565 placebat
555 2494 619 2550 Viro
635 2494 715 2546 docto
727 2494 755 2544 iu
769 2493 840 2544 Mire.
854 2492 928 2543 Obee.
941 2490 961 2542 l.
972 2490 990 2542 l.

8 2652 109 2709 locum
129 2648 236 2726 habet3
265 2671 334 2710 nam
351 2660 549 2728 euntnmpa-
593 2653 642 2724 19,
659 2652 688 2712 8.
709 2649 822 2722 ntea,
840 2649 886 2710 10.
930 2645 992 2705 Nisi
1012 2645 1129 2704 hocce

7 2739 51 2794 tia
65 2737 145 2794 mn'a
163 2739 264 2808 tectis,
285 2735 316 2796 b.
330 2737 456 2816 mapalia
470 2757 548 2810 rara,
591 2743 654 2810 eet,
677 2734 714 2792 de
731 2731 864 2792 Nomade
883 2731 956 2790 Afro
975 2731 1048 2790 talia
1063 2749 1127 2788 me-

7 2842 111 2900 sparsa
128 2821 238 2900 passim
246 2839 301 2900 per
320 2841 418 2900 egrae,
441 2841 502 2880 non
517 2821 548 2880 in
589 2819 700 2878 murari
715 2840 777 2878 uon
787 2828 916 2898 possent.

7 2909 89 2966 ticos
114 2906 249 2976 collecta.
300 2907 389 2966 Silius
413 2907 548 2984 diaporeo
633 2903 704 2968 846.
731 2905 799 2964 Non
819 2923 903 2963 tecua
921 2923 957 2962 ac
976 2903 1130 2963 llomanue

7 2993 149 3068 mapalia
172 2991 250 3050 dixit
267 3011 304 3050 ex
330 2991 389 3050 hoc
402 2993 466 3071 ipso
481 2993 547 3051 loco
590 2989 690 3048 omnia
705 3010 804 3050 aecum
821 2989 890 3067 agit,
913 3009 982 3049 cum
996 2998 1130 3048 armatus

7 3079 54 3136 lib.
79 3077 182 3151 xvss,
209 3080 258 3140 90.
286 3077 322 3136 cs.
340 3077 392 3135 inl.
417 3077 456 3136 ad
477 3077 551 3137 Aen.
593 3075 714 3134 incedit.
738 3079 1028 3153 patrita—armac,
1058 3075 1130 3154 pul-

7 3163 24 3238 l,
51 3161 129 3226 420.
175 3161 265 3240 apud
287 3163 397 3221 Lucan.
419 3163 468 3236 tv,
488 3161 550 3226 684
593 3181 644 3220 cro
658 3159 805 3240 epitheto;
827 3159 907 3237 quod
915 3165 1129 3239 patriam'vie-

7 3257 77 3306 tunt
90 3269 212 3319 vacuo,
236 3245 374 3308 lacaena
390 3247 549 3306 etdeeerto
592 3259 699 3320 tutem,
723 3247 925 3323 dubaipla'azam,
948 3247 979 3306 in
997 3246 1129 3306 animum

7 3355 32 3392 n
67 3333 138 3391 1⁰00
174 3331 245 3391 fixa·
295 3331 367 3396 848.
404 3335 549 3410 Hospitio
590 3339 723 3391 revocat.
745 3331 816 3395 847.
838 3333 954 3390 Ina'ateto
967 3331 1129 3408 subfusco,

7 3419 112 3477 rrrlcre
137 3425 238 3476 certae
264 3417 348 3476 eedee
369 3436 404 3476 ac
426 3417 548 3493 domuc,
591 3437 696 3496 magno
718 3435 807 3475 onere
813 3461 822 3492 ‚
851 3425 888 3476 ut
905 3418 988 3475 Serv.
1001 3415 1060 3474 iam
1074 3433 1129 3474 ax-

7 3525 62 3582 puo
89 3521 123 3561 ee
149 3503 305 3581 recipiant.
327 3499 416 3566 ¹844.
438 3503 550 3562 Locum
590 3501 714 3580 plicuit,
737 3503 814 3562 conl.
829 3501 868 3559 ad
884 3501 935 3560 Ge.
948 3501 971 3575 l,
988 3499 1059 3565 145.
1077 3501 1130 3560 ubi

7 3609 86 3647 runc
104 3587 241 3648 imitatus
258 3588 346 3648 Silius
374 3587 416 3662 ll,
437 3587 551 3652 441-
591 3586 843 3665 laborirnpmbua.
878 3586 1078 3644 Reaeetnota
1092 3585 1130 3644 de

7 3673 74 3738 l45.
98 3673 220 3732 Habuit
241 3673 331 3732 etiem
356 3681 424 3731 ante
449 3673 550 3732 oculoa
591 3673 727 3731 Romano
740 3672 833 3732 milite
855 3671 954 3730 velex
968 3670 1027 3730 Cic.
1042 3671 1128 3730 'laec

7 3759 102 3817 [aler.
126 3759 228 3818 Flacc.
242 3757 291 3833 Vl,
306 3755 499 3832 824-889,
514 3767 551 3817 ut
593 3757 653 3832 Qu.
672 3758 707 3833 Il,
730 3761 785 3832 16,
806 3765 835 3816 et
864 3755 1007 3814 laudatur
1029 3755 1127 3834 Veget.

7 3865 57 3902 am
74 3853 222 3904 notatum
237 3843 318 3922 apud
333 3843 434 3902 Burm.
477 3841 549 3908 845.
592 3843 615 3918 l,
638 3846 677 3907 19
705 3841 828 3900 Pondua
854 3861 970 3920 quoque
994 3839 1129 3900 baiulare

7 3930 207 4006 imycheum
222 3925 299 4010 (cup.
313 3947 342 3988 v.
358 3925 412 4008 89)
435 3949 549 4004 canem,
592 3945 685 4006 aeque
700 3927 744 3985 ad
759 3927 827 3984 LX
838 3925 942 4000 tam,
967 3937 994 3982 et
1009 3928 1064 3984 iter
1065 3927 1129 4004 sa-

8 4017 213 4090 tclecaam,
243 4033 265 4072 e.
284 4012 447 4088 Creticam,
463 4013 550 4090 pho·
592 4033 655 4070 cere
684 4011 786 4091 gradu
814 4011 940 4069 militari
967 4019 1021 4070 etc.
1051 4011 1128 4072 conl.

7 4113 134 4172 elram,
168 4119 187 4156 a
205 4098 421 4178 praestantiore
444 4117 550 4176 genere
591 4097 691 4176 lntpp.
719 4095 759 4154 ad
783 4095 879 4154 Taciti
913 4095 1051 4156 German.
1077 4100 1129 4162 30.

7 4185 71 4244 vid.
93 4183 142 4242 ad
157 4203 188 4242 v.
204 4181 280 4264 812)
303 4181 446 4242 nominat.
468 4184 550 4242 Licet
592 4181 664 4246 348.
672 4185 750 4240 Ante
762 4193 963 4258 exspectabam
973 4181 1060 4256 boeti,
1072 4203 1129 4240 en-

7 4271 97 4328 oetis
125 4267 275 4328 eiusmodi
301 4277 476 4328 ornamenta
497 4289 549 4328 ca-
591 4277 711 4345 tequam
738 4263 833 4324 hostie
860 4275 1032 4345 expectaret
1054 4265 1128 4348 (rid.

9 4365 94 4415 tare.
122 4355 235 4414 Horat.
264 4355 339 4412 Non
362 4364 429 4428 eget
449 4356 548 4412 Mou-
590 4349 721 4432 llum),
756 4347 787 4409 h.
826 4349 948 4426 cubito,
991 4361 1128 4432 repente,

7 4445 26 4500 ic
55 4441 196 4500 iaculrb.
229 4439 307 4498 canl.
336 4435 462 4497 eundem
492 4437 548 4514 Ill,
590 4427 830 4522 dupoodoaq'cuc.
860 4447 921 4494 etat
939 4439 972 4496 irc
992 4441 1125 4516 αὲιηὺω,
