2654 5000
186 431 253 504 AD
281 429 556 505 CARMINA
580 431 885 508 BUCOLICA
1041 441 1089 512 st

45 615 175 712 orphen
193 637 298 690 suam
320 617 497 716 tempori
518 617 669 722 potius,
697 641 816 720 quam
837 617 998 714 ingenio
1019 615 1095 695 de:

43 718 119 795 teret
334 771 342 787 -
386 755 393 770 ·

102 825 307 920 Propterea,
333 831 380 895 ut
399 833 519 920 poeta
538 819 760 918 bucolicus,
785 820 859 896 sub
871 821 1090 924 Daphnidis

38 947 155 1022 pesona
173 925 374 1000 Gaesarem
399 921 559 1000 induxit.
625 923 802 1024 Daphnis
835 923 955 1003 beros
984 927 1092 1002 inter

37 1025 261 1128 antiquissimos
284 1039 461 1126 pastores
484 1041 580 1102 aero
600 1023 796 1104 sabuloso.
851 1030 957 1126 Ergo
978 1051 1092 1126 argu-

38 1143 163 1204 mentum
183 1142 324 1230 aptum.
353 1132 410 1206 lta
433 1130 700 1232 temperabat,
732 1144 778 1208 ut
803 1137 881 1229 (1)
908 1129 1091 1208 dolorem

37 1231 253 1333 leitaplmidis
268 1232 380 1310 obitu
399 1235 653 1336 exprimerem
668 1259 788 1335 quam
805 1234 986 1312 carminis
1002 1259 1091 1334 par-

36 1349 84 1410 ten
106 1335 390 1436 quodammodo
421 1337 635 1414 alienam
671 1335 734 1414 alii
763 1337 901 1415 tribuit
925 1337 1090 1436 pastori;

34 1445 79 1534 (tl
97 1437 260 1516 laetitiam
291 1438 343 1516 de
368 1440 581 1542 Daphnide
609 1439 735 1518 beroe
752 1441 858 1516 inter
887 1439 999 1521 diuos
1026 1463 1091 1516 re-

35 1553 116 1638 cepto.
147 1546 229 1618 Hoc
246 1543 281 1620 ei
296 1543 444 1643 pastori
459 1545 638 1638 retinuit,
654 1545 763 1622 cuius
777 1567 948 1644 persona
965 1541 1092 1620 latens

34 1643 87 1740 ipse
102 1669 157 1722 soa
170 1669 278 1722 sensa
294 1645 454 1724 volebat
473 1645 702 1744 significare.

96 1749 262 1828 Ceterum
290 1773 373 1826 non
396 1751 548 1848 singula
563 1751 721 1852 quaevis
748 1748 798 1826 ad
820 1748 1006 1828 emissan
1024 1773 1088 1824 ex-

33 1845 141 1946 igeada,
164 1853 211 1928 ita
225 1865 270 1928 ut
290 1851 430 1928 leones
456 1852 541 1932 Afri
565 1855 644 1928 sint
664 1849 741 1930 feri
762 1845 1088 1954 popidibi'aicac,

33 1963 71 2022 sut
87 1953 213 2033 similia.
277 1955 360 2031 Sed
383 1968 429 2032 ut
457 1956 504 2034 in
527 1955 660 2058 quavis
693 1957 863 2054 imagine
893 1954 1087 2060 quaedam

33 2051 177 2132 adduntur
196 2055 251 2132 ad
266 2057 539 2137 exornandum
564 2083 647 2135 non
669 2060 903 2156 necessaria,
937 2057 1009 2134 sed
1031 2069 1088 2132 ta-

32 2177 91 2230 nen
101 2161 206 2257 utilia,
231 2175 275 2238 ut
292 2161 510 2254 delectent,
536 2163 587 2238 ita
609 2164 650 2238 in
666 2161 740 2240 bac
765 2163 937 2262 imagine
957 2173 1088 2240 totum

32 2257 101 2354 tius,
128 2265 186 2363 qui
214 2287 302 2340 earn
334 2263 532 2360 exhibuit,
575 2265 784 2342 consilium
809 2277 987 2366 spectare
1017 2263 1088 2338 de·

33 2355 142 2456 honos3
171 2391 259 2445 nam
278 2369 348 2468 qui
365 2367 516 2466 singula
538 2369 696 2469 quaevis
718 2390 792 2468 per
809 2365 1089 2466 metaphoram

33 2459 96 2540 licta
113 2471 297 2569 sumserit,
324 2472 365 2548 in
384 2471 571 2550 maximas
593 2470 741 2548 incidet
755 2470 932 2570 ineptias.

430 2639 548 2740 (Ecl.
572 2643 626 2742 1)

95 2774 256 2856 sednon
278 2779 332 2858 ita
351 2777 480 2860 molto
500 2791 591 2880 post
611 2778 725 2858 noris
747 2774 1088 2875 tumn-eosquos-

31 2883 84 2986 jth
106 2893 154 2954 est
178 2881 406 2984 respublica.
463 2883 659 2962 Antonius
682 2893 723 2958 ct
749 2877 984 2958 Ocuvimus
1009 2889 1088 2952 tra-

32 2975 120 3058 tt‘nnt
132 2981 383 3068 inGraeciam
407 2989 584 3064 Fneuntc
599 2997 813 3064 auctumno
826 2992 1024 3082 pugnatur
1035 2978 1088 3056 ad

31 3073 187 3183 Phlippos.
239 3093 415 3170 Pereunt
445 3101 607 3168 cruenta
635 3087 756 3166 caede
776 3080 976 3164 clarissimi
996 3083 1086 3175 viri3

31 3199 85 3274 tto
116 3191 367 3270 restituendae
406 3191 647 3294 reipublicae
686 3201 726 3272 ct
768 3187 1087 3270 Tsumvirorum

31 3291 286 3398 movendorum
305 3295 465 3396 penitus
483 3293 571 3374 fere
586 3293 727 3372 deleta.
776 3293 976 3372 Exercitus
993 3293 1087 3372 Gas-

32 3403 56 3456 u
71 3401 100 3462 et
115 3393 226 3494 Bruti,
250 3411 425 3500 utroque
447 3397 742 3495 ducemortuo‚
767 3397 914 3498 partim
933 3393 1087 3472 solutus

32 3493 193 3576 seconlert
210 3500 259 3578 ad
273 3505 376 3581 Sext.
390 3503 648 3602 Pompeium
673 3501 836 3602 partim,
861 3494 1087 3577 auctoribus

32 3599 253 3680 osumsbus
268 3603 436 3686 Messala
462 3618 502 3682 et
526 3603 687 3696 Bibulo,
712 3627 755 3680 se
775 3600 888 3684 dedit
899 3598 1086 3677 Antonio.

33 3693 168 3780 nens„
188 3707 227 3788 in
249 3709 383 3786 Asiam
405 3707 486 3784 abit
505 3719 545 3784 et
565 3708 735 3804 Mam,
758 3718 805 3784 ut
826 3703 985 3782 illorum
1005 3713 1086 3776 ter

32 3811 119 3906 'imm
139 3831 196 3886 ms
221 3823 436 3910 componat
466 3823 507 3888 et
532 3811 743 3911 pecuniam
776 3818 899 3906 cogat.
966 3804 1087 3880 Octa-

33 3913 120 3978 ttuus
133 3910 170 3984 in
213 3912 341 3990 roelio
354 3912 599 4014 Philippensi
617 3915 741 3991 victus
757 3935 832 4011 per
852 3905 1030 3984 triduum
1043 3905 1084 3982 in

33 3995 129 4086 ltltdc
147 3937 358 4095 debueret
414 4015 534 4113 lndc,
561 4041 687 4118 ςιιιιιιι
708 4015 788 4094 iam
808 4024 922 4090 antea
944 4005 1085 4090 affecta

33 4113 329 4216 sornetudine,
355 4119 397 4196 in
417 4141 578 4217 gravem
597 4118 786 4199 morbum
810 4111 956 4192 incidit.
1005 4113 1084 4190 Diu

32 4217 155 4296 etpost
171 4219 394 4320 brundusii,
427 4221 529 4298 adeo
555 4236 602 4299 ut
625 4225 780 4300 Romae
803 4219 882 4297 iam
901 4228 1084 4292 mortuus

33 4291 199 4396 hlitentur.
269 4329 365 4402 Post
410 4325 611 4426 proelium
657 4321 913 4422 Philippense
964 4319 1083 4394 Octa-

33 4421 126 4488 ”issus
143 4433 179 4496 el
199 4428 389 4505 Antonius
402 4429 608 4534 ,emeritos
633 4423 779 4504 milites
816 4436 857 4504 et
888 4445 911 4504 e
937 4419 1016 4498 suis
1042 4430 1081 4496 et
