2654 5000
195 437 246 506 aa
387 423 633 500 sponsu
664 397 1127 498 ruotsoousus

197 616 282 707 Qua
307 611 347 686 in
373 634 417 685 re
443 609 576 710 iniqua
598 629 719 707 saepe
736 617 916 705 expertus
939 617 997 680 est
1026 602 1177 680 iudicia
1198 603 1316 698 Virgi-

196 715 288 802 lius;
299 713 377 816 qui,
394 711 763 788 siadreiverssatem
776 709 909 784 omnia
926 708 1225 807 expressisseta
1241 729 1315 781 sae-

197 816 274 893 culi
300 817 359 892 sui
381 807 580 906 moribuS,
618 811 666 888 ab
690 810 882 910 elegantia
900 809 1075 886 illorum·
1085 825 1314 910 temporum

197 921 248 996 ita
266 919 504 1012 recessisset,
536 929 582 992 ut
602 934 686 990 non
703 911 951 1005 delectasset,
977 913 1050 989 sed
1071 911 1314 989 offendisset.

297 1026 391 1100 Post
411 1040 586 1120 pugnam
605 1018 895 1106 Mutinensem,
927 1017 968 1091 in
993 1041 1071 1116 qua
1094 1019 1223 1094 XVII.
1243 1012 1314 1090 Kal

145 1151 146 1154 ’
195 1125 283 1202 Mai.
310 1125 355 1202 ai.
377 1131 465 1202 711.
480 1121 637 1200 Hirtius
662 1133 701 1195 et
729 1121 847 1195 tertio
875 1119 940 1196 die
965 1134 1058 1218 post
1079 1145 1131 1195 ex
1150 1117 1313 1194 vulneri-

195 1228 270 1302 bus
289 1231 413 1304 Pansa
437 1224 705 1300 occubuerant
725 1223 940 1317 Consules,
976 1223 1166 1301 ¹Antonio
1188 1246 1233 1297 se
1260 1245 1312 1294 so-

198 1331 303 1405 cium
324 1328 497 1416 adiunxit
515 1325 688 1426 Lepidus
704 1329 768 1402 IV.
789 1325 872 1406 Kal.
887 1329 983 1422 lun,
1009 1342 1230 1430 propterea
1245 1324 1311 1425 pri-

198 1433 263 1510 die
288 1431 370 1511 Kal.
390 1431 514 1506 hostis
542 1427 733 1505 iudicatus
753 1455 774 1503 a
802 1432 961 1511 Senatu.
1001 1427 1084 1506 Sed
1104 1431 1233 1520 idem,
1258 1426 1310 1528 qui

198 1533 501 1638 quodammodo
528 1532 576 1608 ab
592 1533 806 1608 Octaviano
832 1533 1014 1608 excitatus
1038 1533 1088 1609 ad
1102 1533 1309 1610 Antonium

197 1663 240 1714 se
263 1636 494 1730 contulerat,
516 1659 641 1736 quum
664 1635 780 1709 sciret
798 1636 1057 1712 Octavianum
1080 1638 1133 1712 ab
1159 1637 1309 1736 optima-

197 1741 304 1816 tibus
349 1737 553 1818 offensum
586 1737 799 1830 decedere,
849 1763 923 1840 per
956 1741 1203 1816 commercia
1242 1734 1307 1834 epi-

198 1841 389 1918 stolarum
441 1841 702 1918 Octavianum
748 1864 840 1916 curn
880 1843 1055 1918 Antonio
1112 1837 1307 1919 conciliare

198 1944 357 2022 studuit.

303 2046 538 2124 Octavianus
570 2045 719 2129 interea
747 2045 1025 2144 Consulatum,
1061 2049 1134 2150 qui
1160 2046 1232 2122 sibi
1249 2065 1304 2144 pe·

198 2150 298 2226 tenti
317 2153 501 2224 asenatu
519 2146 648 2224 fuerat
665 2147 896 2248 denegatuS,
919 2174 1127 2228 annorum
1144 2152 1184 2226 vi
1198 2159 1303 2224 extor-

199 2254 248 2328 sit
271 2256 370 2330 XIV.
384 2251 465 2330 Kal.
488 2253 712 2352 septembr.
738 2257 815 2330 Per
827 2253 967 2354 Lepidi
990 2267 1126 2331 autem
1150 2251 1302 2328 studium

200 2369 241 2432 et
257 2379 384 2458 quum
401 2355 474 2430 sibi
490 2353 682 2455 prodesse
705 2355 955 2456 intelligeret,
981 2360 1218 2436 Octavianus
1231 2371 1301 2428 cun

199 2459 373 2536 Antonio
401 2457 631 2535 societatem
663 2457 765 2554 iniit,
806 2461 859 2534 ita
882 2473 929 2536 ut
959 2466 1006 2540 V.
1026 2461 1109 2540 Kal.
1135 2453 1300 2538 Decemb.

200 2563 247 2640 ei.
269 2563 314 2642 ai.
340 2562 575 2638 Octavianus
602 2563 760 2657 Caesar,
791 2563 982 2639 Aemilius
1003 2564 1180 2666 Lepidus
1211 2571 1246 2636 et
1261 2557 1299 2632 ll

198 2665 395 2743 Antonius
417 2687 503 2741 sese
526 2663 767 2766 reipublicae
785 2669 1084 2745 constituendae
1097 2663 1299 2744 triumviros

197 2770 240 2844 in
272 2769 593 2874 quinquennium
613 2771 912 2859 renunciarent,
955 2784 995 2847 et
1022 2773 1145 2848 totius
1169 2759 1297 2866 imperi

198 2873 370 2951 Romani
390 2872 609 2972 provincias
630 2871 681 2946 ita
697 2873 801 2948 inter
819 2895 862 2949 se
877 2873 1171 2970 distribuerent,
1188 2883 1229 2946 nt
1241 2871 1297 2942 te-

198 2973 327 3075 pidus
346 2973 574 3075 Hispaniam
601 2997 693 3056 rum
722 2973 845 3052 Gallia
863 2970 1142 3074 Narbonensi,
1184 2977 1297 3051 Caesar

201 3077 437 3152 Octavianus
453 3075 644 3176 Africam,
661 3075 832 3154 Siciliam
849 3093 1079 3183 ceterasque
1098 3084 1181 3159 eius
1204 3069 1294 3152 maris

200 3178 365 3273 insulas,
391 3181 586 3256 Antonius
615 3193 748 3257 autem
775 3182 947 3286 reliquas
962 3181 1121 3262 ‘Galliae
1142 3181 1318 3280 regiones.

204 3303 296 3357 cum
328 3282 585 3384 Transalpina
617 3291 659 3361 et
681 3284 874 3388 Cisalpina
909 3309 938 3362 s.
970 3289 1136 3386 regione
1180 3290 1293 3362 Trans

199 3383 352 3488 padano
376 3385 582 3486 acciperet.

196 3501 203 3514 ⁴
300 3488 400 3564 Huic
419 3489 721 3592 Transpadanae
742 3491 978 3592 provinciae,
1006 3517 1109 3596 quac
1130 3495 1291 3572 Venetam

199 3591 407 3689 regionem
434 3605 473 3668 et
488 3597 741 3673 Mantuanam
768 3593 1098 3696 amplectebatur,
1131 3585 1318 3674 Antonius¹

200 3695 379 3771 Asinium
391 3695 621 3775 Pollionem
637 3695 839 3797 praefen't,
865 3723 1042 3800 quocum
1056 3715 1167 3777 vetus
1182 3685 1290 3772 cisur-
1317 3721 1318 3752 ι

199 3809 260 3870 rat
286 3799 512 3875 coniunctio
538 3813 579 3876 ct
600 3797 848 3878 familiaritas.
899 3805 972 3878 Hic
990 3803 1128 3904 paullo
1162 3809 1239 3878 ante
1259 3805 1290 3859 ⁸¹
1317 3811 1318 3856 ³

160 3981 167 4004 .
199 3900 269 3973 His
298 3903 384 3976 ania
419 3927 510 3977 cum
545 3899 698 3978 duabus
733 3901 972 4001 legionibus,
1022 3927 1119 4010 quas
1149 3889 1287 3984 Antonl⁰

201 3925 432 4102 tradiderat,
463 4006 504 4080 in
525 4002 693 4081 Calliam
717 4003 846 4083 fuerat
870 4005 1085 4109 profectus.
1124 4013 1178 4088 m
1196 3991 1288 4078 Gallia

202 4124 294 4222 cum
320 4109 493 4183 Antonio
524 4109 565 4183 in
588 4106 739 4184 ltaliam
759 4110 941 4190 redierat.
992 4116 1133 4218 Itaque
1162 4133 1203 4186 ex
1223 4105 1286 4176 asslfl
1317 4127 1318 4150 ι

203 4204 312 4279 nem
333 4209 378 4284 v.
398 4209 479 4288 rat.
501 4209 690 4286 oeaems.
714 4212 845 4317 etat,
888 4216 946 4290 uu
969 4216 1121 4293 Galliae
1144 4191 1287 4294 ransd-
1317 4259 1318 4278 ι

200 4306 319 4407 pinae
353 4312 397 4404 Q.
424 4311 560 4388 Fufius
591 4313 758 4392 Calenus
791 4330 831 4393 et
862 4317 1070 4397 Ventidius
1098 4325 1223 4396 Bassus
1252 4293 1284 4374 ab
1317 4339 1318 4412 ἶ

202 4409 375 4486 Antonio
405 4413 753 4516 praeficiebantur,
792 4420 846 4494 sic
875 4420 1024 4500 Galliae
1055 4419 1251 4525 cisalpine
1265 4421 1283 4470 ⁵·
1317 4461 1318 4504 ;
