2654 5000
207 449 258 519 20
408 439 482 516 DE
509 435 777 514 CARMINE
803 434 1116 512 BUCOLICO

207 638 420 700 tuanorum
433 618 635 700 fortunam
648 621 873 722 respexisse,
895 634 936 696 et
946 625 1123 718 Augusto
1139 620 1211 722 pro
1223 621 1299 696 red-

208 727 296 804 ditis
311 726 409 823 agris
421 726 559 823 gratias
572 735 687 821 agere
702 723 883 802 voluisse.
910 723 992 800 Sed
1007 749 1052 798 ea
1054 747 1179 824 ‚quae
1192 723 1298 800 deTi·

206 845 292 927 tyro
305 841 591 921 memorantur,
604 826 754 926 singula
771 827 880 901 anxie
895 851 986 903 cum
993 827 1143 926 Virgilii
1154 849 1299 949 persona

207 955 464 1032 comparares
459 929 510 1005 id
532 955 651 1032 quam
665 928 850 1030 putidum
863 931 931 1027 sit,
958 931 1045 1033 quis
1060 955 1144 1006 non
1158 932 1300 1006 sentiat?

205 1034 411 1138 Appellat
401 1046 530 1135 »psum
540 1057 587 1115 se
602 1035 779 1130 Tityrum
793 1031 875 1108 Ecl.
888 1037 960 1130 vl,
986 1040 1021 1112 4.
1060 1033 1143 1109 Sed
1158 1029 1205 1108 ad
1222 1057 1300 1110 eun-

207 1139 354 1215 demne
374 1161 533 1212 versum
553 1139 605 1215 55
617 1134 699 1212 Ecl
713 1133 990 1214 VIlIreferas?
1030 1137 1137 1232 Quid
1160 1141 1225 1230 IX,
1240 1143 1299 1216 23?

206 1241 425 1342 Plerosque
444 1253 580 1315 tamen
600 1239 864 1338 interpretum
881 1238 1054 1315 multos
1044 1263 1085 1314 rn
1102 1263 1152 1315 eo
1169 1265 1245 1316 esso
1257 1241 1298 1313 vi-

207 1345 310 1421 deas.
343 1349 435 1420 Non
454 1342 629 1444 quidem,
656 1365 737 1444 quo
752 1365 796 1416 se
810 1354 1012 1436 tueantur,
1038 1341 1187 1418 habere
1207 1365 1297 1440 nego.

205 1449 314 1524 Fecit
327 1445 437 1522 idem
452 1444 761 1566 hocantiquitas.
797 1443 879 1519 Sed
892 1447 1057 1522 omnino
1073 1445 1298 1568 huiusgene-
1322 1463 1323 1546 J

204 1548 540 1626 risbucolicorum
557 1549 777 1622 carminum
790 1547 891 1622 ratio
908 1561 1090 1634 etnatura
1105 1547 1263 1627 melius
1255 1571 1298 1623 n-

205 1652 329 1750 telligi
343 1651 499 1752 poterit,
525 1651 557 1726 si
573 1651 873 1744 commineris,
899 1676 1000 1752 quae
1015 1649 1154 1752 paullo
1170 1667 1251 1729 ante
1262 1651 1298 1726 de

207 1779 256 1830 eo
270 1752 735 1876 generedisputabamus,
747 1777 913 1854 quom
928 1779 959 1830 e
964 1757 1164 1878 praesenti
1176 1761 1243 1834 vita
1255 1779 1299 1829 ar-

207 1857 353 1950 cessita,
377 1881 537 1935 marens
549 1857 743 1932 suavitatis
758 1881 904 1952 caussa,
929 1859 1156 1980 pastoritiae
1169 1858 1298 1936 fabulae
1323 1864 1324 1872 ’

206 1961 391 2042 suavitate
421 1972 460 2034 ct
481 1961 723 2038 ornamentis
749 1984 795 2036 ex
819 1963 953 2036 eavita
966 1961 1097 2064 petitis
1121 1985 1299 2047 commen-

207 2063 331 2142 datur.
384 2062 504 2157 Quod
526 2062 735 2138 consilium
758 2065 867 2139 re'cte
890 2066 922 2140 si
944 2079 1096 2158 teneas,
1135 2065 1297 2156 nouerit

207 2165 355 2268 quod
345 2189 386 2241 m
407 2165 566 2264 singulis
586 2165 753 2243 sollicite
773 2180 813 2244 et
834 2170 960 2246 anxie
969 2167 1154 2251 labores
