2634 5012
215 393 290 466 878
456 385 497 459 Ρ.
523 381 791 460 VIRGILII
815 383 1092 460 MARONIS

213 576 304 650 Non
320 569 410 646 alias
426 567 540 644 coelo
558 567 789 646 ceciderunt
801 567 916 668 plura
931 593 1076 646 sereno

213 675 401 772 Fulgura3
428 697 504 748 nec
523 671 598 748 diri
613 673 730 748 toties
748 697 878 748 arsere
894 687 1085 752 cometae.

114 849 120 862 ,
211 781 318 876 Ergo
335 779 536 853 intersese
552 775 712 878 paribus
727 801 965 854 concurrere
978 776 1067 854 telis

247 933 300 990 487
317 933 430 986 amisero
444 929 511 984 oua
525 950 541 984 a
555 949 589 986 m.
604 949 656 984 aec.

213 1055 469 1116 eaeeInfinitivum
477 1055 663 1116 historicum.
675 1055 754 1116 Ora·
796 1075 866 1134 mur
883 1055 941 1115 loci
961 1056 1149 1115 sententiam.
1187 1049 1295 1111 hdiiro

113 1163 118 1176 “
212 1144 257 1203 tio
280 1143 322 1202 aio
341 1142 495 1222 procedit:
528 1143 596 1202 Neo
618 1163 754 1202 cessave—
795 1162 865 1202 rum
879 1141 1039 1201 doctorum
1057 1139 1248 1200 contentiones
1261 1133 1296 1190 de·

211 1239 280 1288 rant
294 1227 395 1303 fibm
408 1233 541 1290 monacas
560 1249 706 1306 apparare
727 1240 756 1286 et
796 1227 936 1288 scandere
959 1247 1022 1288 non
1046 1247 1218 1309 poscumus,
1247 1237 1297 1296 qm

213 1314 297 1374 rader
314 1335 464 1372 resonare:
488 1332 677 1394 praegressae
696 1333 754 1372 au·
796 1315 926 1372 maxime
948 1315 1045 1373 errori
1064 1314 1220 1384 debentur,
1242 1303 1297 1382 quad

212 1409 275 1460 tem
298 1397 425 1480 negandi
441 1399 607 1478 particulae
628 1419 754 1458 sexcen-
795 1397 945 1463 aduenam
964 1420 1033 1458 cum
1052 1402 1153 1458 valere
1166 1395 1297 1475 ingobert

211 1487 269 1548 tias
299 1487 394 1546 etita
426 1485 601 1564 subiicitur,
638 1494 675 1546 ut
703 1486 755 1546 illa
795 1505 858 1546 non
878 1489 983 1544 tarum
1000 1507 1180 1544 cartennae.
1219 1483 1297 1540 maa

211 1572 331 1652 negatio
357 1572 396 1632 ad
419 1580 583 1650 utrumque
610 1572 754 1632 orationis
796 1581 841 1630 eat
872 1591 1003 1650 nuperae
1032 1573 1186 1633 Romanae
1211 1563 1296 1626 atuor

211 1659 380 1723 membrum
399 1657 562 1734 reseratum
584 1657 646 1717 rid.
663 1657 701 1730 Q.
718 1659 753 1718 V.
797 1657 886 1716 etiam
898 1656 957 1716 hoc
972 1657 1008 1716 de
1022 1658 1091 1717 loco
1104 1659 1167 1717 viri
1180 1654 1247 1716 docti
1258 1651 1297 1708 dir

211 1745 319 1821 XXX,
343 1749 371 1809 6.
405 1741 494 1828 Wr.)
545 1743 618 1810 487.
648 1745 754 1802 Sereno
795 1743 927 1824 putatio,
950 1753 980 1803 et
993 1744 1051 1802 alia
1063 1738 1257 1804 Holdsuorthi
1271 1735 1297 1812 {io

211 1835 315 1890 ίοιιιιέι.
358 1829 522 1890 Hucreter
536 1829 643 1888 Horat.
656 1830 753 1890 Germ.
796 1833 884 1888 Das.
907 1852 988 1907 capon
1005 1833 1041 1890 V
1036 1831 1112 1908 irgil
1128 1852 1158 1910 p.
1174 1828 1228 1894 375
1240 1819 1297 1912 sqqi

210 1915 282 1990 L2,
296 1920 326 1980 8.
340 1913 371 1980 4.
415 1914 488 1980 488.
511 1915 578 1976 Vid.
594 1916 696 1976 Cicero
715 1913 753 1974 de
797 1913 873 1996 (vid.
894 1916 984 1974 etiam
998 1916 1082 1975 Cort.
1098 1917 1139 1974 ad
1152 1917 1249 1974 Lucan.
1259 1905 1297 1976 Vna

209 2001 295 2062 N.1).
311 2000 345 2078 11,
361 2001 391 2075 5,
409 1999 441 2080 §
459 1999 508 2064 14.
796 2003 869 2066 853.
894 1998 983 2079 Wr.)
1012 2003 1064 2078 qui
1085 2001 1170 2060 binos
1188 1998 1300 2074 Philippos

254 2085 327 2151 489.
354 2087 437 2146 Haec
455 2086 590 2166 prodigia
610 2087 753 2164 inrequu-
795 2087 884 2146 fuisse
902 2107 971 2149 eum
989 2086 1194 2162 observasset,
1211 2085 1298 2142 attan

211 2180 277 2232 tum
293 2191 355 2232 ease
368 2172 411 2232 ait
422 2173 535 2234 beilum
548 2173 645 2249 civile,
663 2191 754 2252 prae·
794 2172 901 2232 urbem
923 2172 962 2231 ad
983 2173 1194 2252 Strymonem,
1211 2171 1299 2228 altuau

208 2257 251 2316 lio
279 2259 319 2316 ad
347 2257 523 2340 Philippos,
561 2257 753 2318 Macedoniae
795 2279 857 2318 non
877 2259 963 2338 longe
977 2257 1152 2318 aPharaalo
1171 2251 1300 2319 ramata

211 2343 359 2421 adiectae,
382 2345 453 2406 olim
467 2344 626 2420 Thraciae,
646 2345 753 2404 urbem
794 2345 874 2403 circa
885 2343 1002 2404 Thebes
1017 2343 1160 2419 Phthiae,
1177 2353 1300 2414 utrauqtt

210 2429 389 2507 commisso,
426 2440 457 2490 et
488 2431 578 2492 Bruti
605 2431 755 2508 Casaiique
796 2440 923 2510 apoeta
949 2430 1057 2510 respici
1082 2431 1224 2509 putabat,
1250 2425 1301 2484 nin

158 2519 172 2538 ”
210 2537 283 2580 noce
309 2516 512 2580 nobilitatum.
555 2517 677 2578 Poetica
702 2537 754 2575 ra·
793 2537 918 2596 prorsus
950 2515 1169 2594 ambiguitate,
1206 2525 1232 2574 et
1254 2513 1300 2569 lust

209 2605 292 2664 tione
307 2602 458 2684 Philippos
480 2603 553 2664 dicit
564 2603 675 2664 vidisse
688 2603 753 2662 Ito-
794 2611 881 2662 tanto
896 2612 987 2682 poeta
999 2601 1135 2680 indigno.
1168 2603 1200 2662 In
1211 2595 1301 2676 vagitu

208 2711 313 2752 manaa
333 2691 409 2750 aciae
426 2711 612 2764 concurrere,
638 2697 667 2747 et
683 2688 753 2766 qui-
794 2697 896 2746 nmen
916 2707 1005 2748 nemo
1033 2687 1183 2764 haerebit,
1209 2685 1252 2764 qui
1267 2683 1300 2738 in·

211 2776 279 2835 dem
302 2777 408 2834 irenam
429 2796 614 2850 concurrere,
638 2775 752 2834 Roma·
793 2775 1043 2854 terpretationern
1063 2784 1147 2834 recte
1164 2767 1300 2834 tmuium

209 2883 265 2922 nos
280 2861 409 2920 alterum
423 2861 579 2941 praelium,
592 2869 662 2940 post
676 2859 753 2920 illud
793 2857 947 2935 Maniliae,
962 2861 1015 2940 qui
1028 2859 1113 2920 hunc
1126 2860 1251 2920 lominin
1262 2874 1300 2912 u·

208 2948 241 3008 iu
256 2948 356 3026 priore
375 2947 453 3006 bello
474 2947 553 3008 civili
569 2947 609 3005 ad
622 2946 754 3011 Plaria-
792 2955 890 3008 trema
900 2947 973 3006 libri
981 2947 1073 3026 primi
1084 2959 1170 3026 parte
1178 2955 1237 3005 ante
1245 2959 1299 3000 oot-

208 3033 272 3092 lum
293 3032 447 3109 habitum,
485 3033 563 3092 inter
590 3033 753 3092 resedere.
794 3032 839 3091 loe
867 3029 997 3106 habuit,
1033 3033 1159 3092 eandem
1187 3030 1301 3112 poeocan

210 3119 278 3176 Nec
306 3119 364 3176 diis
376 3120 463 3197 suit,
495 3120 595 3178 visum
616 3127 674 3194 est,
703 3121 754 3176 in-
794 3117 940 3178 rationem
955 3117 1113 3198 ampiexus
1125 3119 1216 3200 paullo
1229 3116 1299 3174 hctu-

209 3204 352 3282 dignum,
376 3205 529 3284 iniquum,
551 3225 616 3286 pro,
638 3205 674 3264 iia
685 3204 754 3284 pla·
795 3204 854 3263 tius
876 3203 1002 3264 extrdit:
1030 3205 1140 3264 avuta
1157 3208 1233 3263 etima
1252 3221 1302 3254 mr»-

209 3290 282 3365 cuit,
293 3289 327 3348 in
339 3291 443 3349 eodem
451 3289 641 3350 Macedoniae
651 3310 752 3367 regno,
795 3302 841 3348 trae
854 3302 1044 3369 cognataque
1060 3290 1139 3349 bella
1155 3286 1301 3367 Sagrafiffl

208 3376 297 3436 latius
316 3386 438 3456 accepto
447 3421 456 3453 ,
478 3377 523 3436 bis
543 3386 671 3455 stragem
678 3377 752 3440 ,tto-
796 3373 941 3457 (cometae
958 3377 1021 3434 aive
1035 3375 1092 3434 ulia
1108 3371 1244 3453 meteone),
1260 3387 1299 3424 m

207 3482 367 3522 manorum
380 3462 454 3523 fieri.
488 3463 635 3522 Enmmta
651 3462 752 3522 Marc·
788 3464 883 3539 plara
916 3463 998 3522 aliae
1035 3463 1175 3522 ιήοειιᾰὶα
1198 3453 1297 3516 mua·

208 3547 317 3608 daniae
329 3555 373 3606 eat
384 3569 464 3628 para,
476 3548 616 3626 adquam
629 3548 751 3629 proprie
793 3548 961 3620 Smtbuau,
999 3570 1095 3628 qaam
1118 3569 1183 3607 cam
1203 3538 1296 3602 ducib*e

207 3653 264 3694 nec
269 3633 429 3696 Pharsalus
443 3654 499 3694 nec
506 3633 634 3714 Philippi
644 3632 751 3693 referri
791 3635 892 3692 urata
905 3637 1032 3693 ummah
1044 3635 1141 3694 Απω
1154 3631 1297 3718 Pblt‘pp‘f‘

207 3729 348 3800 possuut5
362 3721 414 3780 aed
424 3729 531 3799 poetae
541 3719 631 3781 latius
644 3739 678 3778 eo
692 3741 750 3778 no·
791 3721 953 3796 implerunt
965 3723 1089 3798 agruim
1098 3739 1221 3796 campoc-
1246 3711 1296 3770 1⁸⁸

207 3807 287 3866 mine
302 3807 390 3866 etiam
408 3827 464 3886 pro
480 3803 631 3868 Theaaalia
653 3815 750 3866 utrm-
791 3807 883 3862 edam
898 3807 979 3864 eicco
993 3807 1079 3864 maes
1093 3807 1297 3864 Roman*

207 3901 269 3953 tur.
291 3895 431 3952 Haemus
443 3913 529 3951 mons
543 3890 750 3966 ortmann,
790 3911 833 3948 na
852 3891 931 3949 Ocra
942 3892 1040 3952 aram
1059 3893 1215 3968 laceramur
1227 3899 1294 3959 [Μ

207 3979 254 4036 cui
269 3979 385 4057 poetica
399 3979 517 4040 ratione
534 3979 607 4038 urbs
621 3976 751 4057 Philippi
791 3977 996 4053 superantium
1010 3989 1103 4036 artas.
1137 3969 1221 4034 licuit
1237 3979 1295 4044 νοθ-

206 4063 359 4124 subiacere
378 4064 438 4124 dici
452 4072 559 4144 potest.
602 4063 713 4124 Lucan.
727 4063 750 4139 t,
791 4071 857 4136 tae,
880 4081 1059 4140 quamquam
1072 4061 1169 4142 paullo
1187 4067 1292 4116 owe

207 4149 270 4212 675
297 4151 432 4229 lataeque
454 4152 571 4208 Haemi
595 4149 650 4208 snb
675 4171 749 4228 napa
790 4147 823 4206 iu
838 4147 943 4208 eodem
962 4149 1029 4208 loco
1051 4149 1187 4229 praelium
1205 4142 1290 4198 sitm*

206 4231 379 4310 Pamppoa.
414 4235 476 4311 tx,
496 4239 557 4298 271
589 4234 748 4294 mauros
791 4232 905 4311 dicere,
927 4235 1011 4314 quod
1029 4235 1061 4294 in
1077 4233 1132 4294 illie
1148 4221 1289 4307 fagientes

207 4315 367 4393 Philippos
400 4320 487 4380 dixit.
541 4319 648 4399 Magna
677 4341 748 4401 para
790 4319 823 4380 in
842 4339 878 4378 eo
895 4339 988 4400 regno
1008 4329 1061 4380 ant
1079 4319 1172 4399 plaga,
1193 4313 1287 4404 ΜΨ

207 4397 352 4459 Thraciae
372 4405 442 4464 olim
457 4405 670 4466 Macedonibus
690 4427 747 4486 pa·
790 4403 832 4464 Ut
851 4405 927 4466 adeo
949 4425 989 4466 ne
1002 4415 1067 4466 tum
1083 4401 1190 4482 quiden
1205 4401 1286 4488 1199*

207 4485 278 4542 ruit.
299 4485 376 4546 Setia
388 4489 474 4550 nobia
486 4491 649 4552 declarasse
659 4490 747 4553 ride-
790 4489 905 4552 dictrun
920 4491 1018 4554 rideri
1033 4491 1148 4560 debeat,
1166 4475 1285 4548 ⁸5?th
