2784 4988
211 367 237 418 x
568 339 976 415 PRAEFATIO

213 529 418 617 exhibuit
445 527 659 646 Heynius‚
711 529 1059 639 commemoravi
1093 529 1213 614 hanc
1243 529 1342 614 dis-

169 703 172 716 =
211 646 501 767 crepantiam.
561 646 748 733 Videbis
779 667 931 732 autem
963 675 1095 763 saepe
1118 675 1145 732 a
1169 675 1241 730 me
1266 649 1342 731 di·-

211 767 377 884 stingui
404 767 602 883 priorem
633 783 675 852 et
705 767 892 852 alteram
920 767 1160 851 lectionem
1186 763 1342 850 Medi-

211 885 299 991 cei‚
329 882 524 1000 primam
545 901 587 970 et
606 884 850 970 secumdam
867 911 1066 969 manum.
1103 883 1172 968 Ac
1192 884 1341 1000 prio·

208 1031 325 1088 rem
354 1002 648 1087 lectionem
680 1003 782 1087 dico
815 1029 936 1108 eam,
976 1003 1052 1087 cui
1081 1001 1144 1085 ita
1174 1031 1341 1116 super-

209 1120 374 1237 scripta
406 1137 470 1204 est
507 1121 714 1227 altera,
754 1135 803 1203 ut
842 1121 964 1236 prior
993 1142 1086 1204 non
1115 1119 1172 1202 sit
1203 1121 1337 1204 obelo

206 1237 423 1322 transfixa
438 1235 487 1320 in
511 1238 684 1344 codice,
714 1255 807 1344 aut,
833 1239 954 1350 quod
970 1234 1236 1320 tantundem
1252 1266 1340 1322 va-

206 1357 286 1460 let,
315 1356 495 1480 punctis
519 1373 684 1441 notata.
741 1354 810 1439 llli
831 1355 1014 1470 quidem
1035 1383 1120 1472 par
1146 1371 1211 1438 est
1229 1357 1338 1473 plus

206 1473 346 1557 tribui
373 1472 607 1588 ponderis,
642 1473 765 1585 quod
795 1501 848 1558 ea
877 1472 1064 1556 videtur
1082 1473 1218 1556 fuisse
1250 1500 1340 1557 an-

205 1589 446 1702 tiquissimi
467 1587 587 1675 illius
612 1590 802 1697 codicis,
842 1589 964 1676 unde
990 1591 1065 1674 hic
1093 1592 1338 1675 transscri-

205 1724 308 1824 ptus
327 1724 410 1812 est,
433 1707 579 1792 lectio.
638 1707 786 1793 Potuit
803 1725 955 1792 tamen
975 1708 1109 1792 etiam
1133 1707 1250 1814 fieri,
1283 1712 1337 1794 ut

204 1823 436 1930 librarius,
461 1826 758 1944 superscripta
775 1853 881 1910 vera
898 1825 1108 1932 lectione,
1133 1826 1336 1940 priorem

206 1971 265 2026 ex
286 1971 433 2026 errore
455 1944 604 2058 aliquo
631 1962 774 2029 ortam
791 1944 1050 2060 transfigere
1073 1945 1235 2029 oblitus
1255 1946 1334 2028 in-

203 2059 383 2145 terdum
407 2060 485 2168 sit;
525 2061 645 2176 quod
669 2062 884 2147 accidisse
916 2060 1106 2146 subinde
1134 2063 1335 2178 probant

204 2195 362 2294 aperta
377 2177 506 2285 vitia,
535 2197 734 2264 correcta
755 2178 937 2292 quidem
953 2181 1011 2264 ab
1030 2178 1331 2265 emendatrice

202 2323 361 2400 manu,
389 2297 546 2381 relicta
568 2314 721 2382 tamen
744 2297 915 2411 integra
937 2295 1097 2380 vitiosa
1121 2296 1332 2382 lectione.

203 2409 371 2500 Contra
403 2415 650 2527 priorem
685 2407 904 2500 manum
927 2415 1140 2530 appello,
1185 2443 1334 2526 quum

204 2559 281 2635 ea,
323 2558 439 2643 quae
469 2534 614 2648 primo
648 2533 813 2648 scripta
841 2535 1042 2638 fuerant,
1081 2535 1332 2619 transfossa

199 2649 273 2732 vel
299 2649 475 2764 punctis
500 2666 652 2742 notata
678 2667 803 2757 sunt;
842 2667 882 2734 et
911 2676 1028 2762 quae
1061 2649 1222 2734 deinde
1252 2677 1332 2735 re-

199 2766 305 2851 ficta
337 2783 401 2851 est
429 2767 581 2873 lectio,
621 2795 721 2854 eam
749 2767 847 2852 dico
880 2767 1188 2853 secundam
1216 2796 1332 2853 ma-

199 2913 340 2968 num.
401 2883 493 2969 Sed
522 2885 577 2969 de
610 2885 707 2998 ipso
733 2883 940 2970 Mediceo
969 2886 1216 2997 ceterisque
1246 2913 1331 2972 co-

200 3001 376 3086 dicibus
413 3000 669 3116 Virgilianis
707 3003 960 3089 accuratius
999 3003 1195 3087 scribam
1232 3005 1328 3094 alio

197 3135 400 3234 tempore
431 3119 634 3232 locoque.
693 3119 820 3204 Nunc
856 3120 906 3204 id
943 3119 1048 3204 satis
1080 3119 1224 3204 visum
1257 3142 1330 3210 est

198 3235 473 3352 significare,
504 3237 753 3354 plurimum
773 3266 845 3321 me
868 3237 974 3322 huic
994 3238 1082 3352 ipsi
1098 3236 1327 3348 Mediceo,

196 3356 554 3466 tumsragmento
570 3353 810 3460 Vaticano,
835 3351 1067 3460 Gudiano,
1092 3354 1270 3442 Mentel.
1291 3359 1326 3444 Ι.

199 3487 240 3554 et
258 3467 309 3554 ΙΙ.
334 3487 376 3555 et
391 3469 549 3556 Moret.
567 3472 620 3578 I.,
650 3464 732 3590 pe'r
755 3473 891 3558 etiam
909 3475 1102 3558 multum
1115 3471 1325 3560 Romano
1348 3493 1351 3501 “

195 3588 415 3673 tribuisse.
460 3589 555 3674 Hoc
573 3607 724 3674 tamen
739 3591 788 3674 in
807 3590 1066 3676 universum
1086 3593 1226 3676 teneri
1244 3623 1325 3676 ve-

195 3706 297 3813 lim,
330 3707 547 3823 singulari
573 3709 770 3820 quodam
794 3711 1002 3794 fortunae
1027 3709 1246 3794 beneficio
1271 3710 1325 3797 id

197 3824 429 3934 contigisse
460 3823 668 3940 Virgilio,
692 3843 765 3922 ¹ut
798 3827 1006 3944 plerique
1041 3829 1142 3912 libri
1179 3854 1324 3915 manu
1360 3925 1369 3956 N

85 4049 89 4058 .
196 3941 368 4064 exarati
384 3943 488 4027 satis
508 3944 741 4029 emendate
759 3945 913 4061 scripti
926 3945 1026 4050 sint,
1038 3947 1172 4064 pauci
1186 3949 1322 4062 plane

196 4057 427 4173 depravati
449 4077 492 4145 et
511 4063 722 4180 corrupti.
782 4062 936 4174 ltaque
958 4065 1118 4176 exiguo
1143 4095 1166 4148 e
1192 4067 1322 4149 codi-

196 4205 300 4261 cum
318 4203 505 4264 numero
523 4182 627 4268 licet
643 4181 734 4264 fere
754 4181 817 4264 ita
830 4198 1003 4265 textum
1019 4180 1322 4293 Virgilianum

195 4291 495 4402 concinnare,
535 4315 584 4383 ut
608 4323 709 4384 raro
735 4299 813 4384 alii
834 4296 938 4384 libri
959 4300 1008 4384 in
1034 4299 1321 4386 deliberatio-
