2730 5016
187 289 995 454 ononmconmnrntaesstot
1073 347 1147 463 ιιι

44 527 169 617 Quum
182 516 291 614 lurit,
319 531 438 620 atque
453 531 558 596 artus
574 520 798 622 depascitur
815 525 922 602 arida
935 526 1069 626 febris,

40 623 375 728 Profuit'incensos
392 635 520 697 aestus
534 637 728 724 avertere,
757 641 796 703 et
808 630 915 705 inter

39 735 119 805 lma
132 725 241 802 scrire
253 725 367 826 pedis
384 724 590 802 salientem
605 733 795 827 sanguine
809 758 969 811 venam:
1069 743 1145 818 460

35 829 189 908 Bisaltae
208 854 287 930 quo
303 854 419 906 more
433 829 579 927 solent,
608 857 778 935 acerque
797 836 985 933 Gelonus,

35 941 167 1032 Quum
186 931 283 1031 sugit
308 934 349 1008 in
374 932 627 1034 Rhodopen,
664 950 782 1039 atque
811 940 851 1014 in
884 940 1040 1018 deserta
1066 945 1145 1020 Ge-

603 1052 732 1116 tarum

28 1147 78 1220 Et
99 1140 157 1214 lac
171 1151 399 1214 concretum
414 1162 505 1214 cum
522 1145 711 1240 sanguine
727 1102 839 1246 potat
857 1146 1016 1246 equino.

82 1247 205 1338 Quam
218 1240 360 1342 procul
374 1255 440 1316 aut
452 1242 564 1318 molli
578 1246 793 1323 succedere
807 1251 961 1350 saepius
977 1247 1144 1326 umbrae

26 1347 203 1441 Videris,
251 1358 317 1421 aut
357 1369 532 1422 summas
575 1362 805 1450 carpentem
840 1352 1014 1450 ignavius
1050 1351 1144 1428 her-

600 1452 687 1550 bas,
944 1571 947 1582 ,
1067 1462 1143 1536 465

52 1641 111 1696 458
129 1643 190 1690 Cum
201 1636 305 1708 suerit,
325 1635 482 1708 fueritque,
508 1642 602 1696 vitiose
620 1643 748 1696 nonnulli.
783 1658 833 1697 aut
850 1645 1045 1714 artusMerteg.
1066 1645 1143 1712 alter,

19 1723 45 1762 ut
65 1722 96 1761 et
117 1709 213 1760 Pierias
235 1716 383 1759 enotarate
404 1709 463 1762 cod.
498 1711 614 1764 horrida
623 1712 716 1784 febris
730 1713 801 1766 Toll.
818 1731 850 1764 er
864 1715 975 1779 orrida,
999 1725 1029 1766 ut
1049 1717 1142 1768 Frauc.

19 1782 90 1832 conf.
108 1778 319 1848 eup.adr.197.
387 1777 450 1832 469.
468 1776 521 1834 460
537 1781 631 1833 recitet
643 1783 741 1833 Colum.
752 1783 810 1848 vn,
828 1785 852 1847 5,
872 1781 913 1837 10.
937 1785 1062 1836 intensos
1073 1785 1141 1838 coni.

18 1851 123 1912 lleins„
137 1847 205 1916 quod
224 1845 320 1908 nolim,
339 1855 366 1897 et
376 1847 484 1901 Wakei.
504 1849 537 1900 ad
549 1851 654 1902 Lucret.
666 1853 687 1917 l,
704 1853 765 1906 301.
834 1853 887 1906 460
903 1853 1022 1904 saliente
1036 1853 1142 1921 Regius.

18 1919 145 1972 Bisaltae
159 1917 245 1985 priore
260 1915 388 1984 producta
403 1917 483 1968 etiam
497 1918 617 1985 Ovidius,
644 1929 671 1972 et
687 1920 821 1972 Claudiam
834 1923 911 1984 XXI,
931 1921 990 1975 134.
1024 1928 1059 1974 At
1072 1925 1142 1977 Gre-

18 1991 64 2040 ius
88 1987 144 2041 523
167 1985 276 2052 corripit
290 1983 389 2054 sociiis
409 1987 498 2038 tutela
519 1991 650 2042 Bisaltae.
683 1991 831 2058 (Bissultae
855 1995 927 2042 Serv.
947 1991 1042 2043 Dresd.
1068 1994 1141 2062 Wr.)

18 2063 64 2114 t62
85 2067 141 2107 aut
155 2057 183 2106 ire
198 2053 293 2105 Medic.
321 2055 412 2120 (Recte
427 2055 555 2108 retinetur
567 2069 661 2128 atque3
680 2058 794 2110 alterum
812 2059 893 2124 enlm,
911 2059 1071 2128 Rhodopes,
1089 2080 1141 2114 no-

18 2147 66 2180 nen
84 2124 251 2176 referendum
265 2123 298 2174 ad
315 2123 440 2187 Bisaltae,
458 2125 582 2190 alterum,
601 2130 734 2192 Getarum,
751 2129 785 2180 ad
798 2129 923 2180 Gelonos.
958 2131 992 2179 Et
1005 2130 1066 2182 talis
1079 2149 1141 2183 ver-

18 2215 108 2249 orum
124 2194 225 2262 positus
240 2192 340 2260 optimo
354 2193 445 2262 cuique
460 2195 598 2264 scriptori,
620 2198 730 2249 maxim
745 2197 864 2250 Ciceroni
877 2200 1064 2266 frequentatus.
1083 2203 1141 2252 Ne-

19 2287 55 2319 ue
75 2265 300 2332 enimrtrumque
321 2261 355 2312 ad
372 2263 488 2315 Gelonos
503 2265 634 2331 pertinet,
658 2267 756 2347 quippe
772 2268 865 2336 quibus
885 2265 997 2338 propior
1017 2270 1141 2322 Getarum

18 2337 97 2406 egio,
116 2333 255 2396 remotior,
274 2331 411 2384 interiecto
428 2331 507 2384 etiam
521 2335 590 2385 lstro
606 2335 710 2386 llumme
727 2354 757 2386 ac
771 2346 861 2387 monte
874 2338 984 2398 Haemo,
1001 2337 1140 2408 Rhodope.

17 2407 132 2458 'erbum
150 2411 236 2453 autem
245 2399 325 2472 sugit
338 2401 371 2452 ad
385 2401 495 2472 propius
508 2401 654 2454 subiectum
666 2405 896 2458 accommodatum.
924 2403 995 2470 Wr.)
1031 2406 1142 2459 deserta

17 2492 138 2528 eratum
154 2473 257 2534 Frena,
273 2471 414 2538 repetitum
428 2486 461 2522 ex
476 2475 540 2522 Aen.
558 2473 602 2534 111,
620 2473 680 2537 646,
700 2471 853 2524 observante
866 2475 1022 2524 Burmanno.
1087 2475 1141 2530 46³

17 2565 41 2598 tc
68 2553 240 2613 conceptum
258 2540 351 2592 lleleu.
372 2545 441 2592 Acro
465 2541 499 2592 ad
515 2541 610 2594 Horat.
628 2543 711 2593 Carm.
732 2545 784 2604 ΙΙΙ,
809 2541 836 2594 4.
871 2543 923 2596 Sed
941 2539 1048 2608 vulgate
1061 2545 1141 2596 estin

17 2621 158 2666 omment.
179 2611 274 2678 Gruqu.
293 2619 319 2662 et
339 2611 467 2691 Porphyr.
536 2609 590 2668 464
607 2623 639 2662 ut
653 2613 719 2678 Reg.
733 2609 848 2666 Martini.
885 2605 1057 2662 succumbere
1075 2629 1140 2665 unas

17 2681 136 2736 rundel.
174 2679 286 2731 mollire
299 2677 410 2730 umbrae
424 2680 495 2730 idem
509 2681 575 2746 Reg.
644 2677 697 2734 465
715 2692 743 2731 et
761 2697 880 2732 summas
894 2676 990 2730 Medic.
1013 2695 1082 2732 am.
1098 2699 1139 2750 pr.

17 2769 29 2805 t
79 2751 144 2801 rior
162 2749 260 2814 lectio,
286 2747 368 2800 altera
388 2761 445 2802 aut.
468 2749 539 2816 Wr.)
575 2762 730 2822 carpentem
753 2747 823 2800 idem
840 2767 856 2800 a
877 2767 911 2799 m.
932 2765 984 2800 sec.
1025 2753 1140 2820 segnius

17 2843 42 2874 ar
65 2839 108 2872 ae
120 2821 267 2870 Romanus.
292 2817 375 2886 (quod
388 2818 457 2870 unde
473 2829 557 2870 ortam
573 2818 623 2885 sit,
640 2817 866 2883 inducendis,
883 2817 929 2887 qui
940 2835 955 2869 a
968 2835 1002 2868 m.
1014 2833 1058 2886 pr.
1072 2837 1138 2875 ear-

17 2905 102 2944 rrtee
118 2887 242 2940 exhibet.
264 2885 335 2953 Wr.)
633 2891 637 2898 '

18 3067 86 3125 tio.
114 3061 311 3140 deputa-itm,
343 3059 479 3141 νέμεται,
501 3063 557 3125 ab·
598 3061 784 3141 Borysthene
816 3060 886 3121 inde
912 3081 966 3142 per
994 3063 1138 3130 Getarum

17 3151 101 3210 mit.
135 3147 446 3226 Guelliuscomparat
460 3149 556 3206 Gree-
599 3148 731 3223 deserta,
759 3148 802 3207 cis
825 3156 857 3206 et
872 3147 1038 3210 ultralstri
1051 3150 1137 3226 ostis,

17 3253 108 3296 rum
134 3242 302 3313 poetarum
319 3227 555 3314 γυιοβόροςπο-
598 3233 753 3293 descendit
786 3233 819 3292 in
853 3233 1010 3293 Thraciam
1041 3244 1071 3293 et
1099 3233 1137 3294 ad

17 3318 89 3394 πός.
155 3319 235 3382 459.
272 3322 405 3376 mcencoa
432 3317 556 3394 aestus,
596 3315 774 3400 Rhodopen.
817 3317 1045 3380 Siinhistorico
1064 3339 1136 3380 ver-

20 3405 179 3486 lgarius,
201 3403 352 3482 fervidos.
398 3401 470 3466 461.
492 3405 554 3464 Ba·-
596 3423 753 3480 eeremur,
791 3403 895 3464 liceret
928 3404 999 3464 hinc
1025 3405 1137 3466 discere

17 3495 105 3564 ttae,
133 3487 283 3564 Threces,
306 3487 347 3548 oie
362 3489 553 3566 Strymonem
597 3491 781 3550 Gelouorum
808 3509 898 3569 vagos
926 3490 1008 3550 ultra
1036 3497 1066 3550 et
1095 3491 1136 3549 cis

28 3573 260 3636 Macedoniae
282 3575 341 3632 oria
368 3571 554 3650 habitantes3
596 3575 706 3636 [mum
728 3591 854 3634 errores.
883 3571 955 3654 (Sed
974 3573 1037 3635 vid.
1055 3575 1090 3636 V.
1104 3575 1135 3634 Ι..

17 3665 21 3721 i
60 3681 113 3719 ex
138 3659 180 3718 iis
200 3657 290 3718 etiam
311 3660 393 3718 ultra
413 3661 554 3738 Strymo-
600 3659 689 3744 Wr.)
732 3658 775 3720 De
791 3659 877 3720 lactis
896 3659 999 3737 equini
1013 3679 1073 3720 usu
1086 3661 1135 3720 vi-

17 3771 59 3807 n.
119 3743 283 3804 Accurate
307 3743 344 3803 dc
364 3745 398 3803 iis
419 3753 554 3824 agentem
596 3746 668 3806 dere
681 3755 767 3826 potes
783 3746 849 3805 loca
865 3743 947 3824 apud
964 3745 1092 3805 Cordum
1105 3755 1136 3805 et

17 3847 32 3892 ¹..
56 3833 240 3890 Gatterer.
259 3831 424 3890 Commeat
439 3831 477 3889 de
491 3830 551 3889 He-
596 3831 706 3912 passim
722 3832 806 3891 elios:

17 3917 91 3978 loti
134 3925 175 3974 et
210 3915 379 3996 Thucyd'nl.
416 3915 554 3976 Thracia.
638 3914 830 3982 464-469.
851 3914 894 3972 lle
910 3915 961 3976 lue
976 3911 1135 3994 pecudum.

17 4023 105 4062 nm.
134 4002 205 4077 ΙΙΙ,
225 4022 255 4082 p.
271 4005 311 4065 38
324 4018 388 4080 sqq.
405 3997 451 4082 (in
463 4003 553 4062 Com·
596 4002 683 4082 segne
695 3999 811 4082 pecoris
822 3998 896 4060 febri
907 3999 1056 4079 pestilenti
1065 4009 1135 4059 ten·

17 4097 118 4150 etat.
150 4091 228 4147 Soc.
249 4087 286 4146 lt.
307 4087 390 4146 Gott.
408 4087 475 4148 Vol.
490 4085 552 4169 Vl)
595 4088 652 4148 tati
678 4095 846 4148 enumerat:
885 4085 986 4162 Quam
1012 4085 1131 4144 vs'deris.

21 4176 194 4234 Gelonae
210 4171 250 4232 ad
260 4171 478 4252 Borysthenem
489 4173 552 4233 vid.
594 4171 667 4237 464.
688 4173 774 4230 molti
791 4169 921 4229 cumbrae.
966 4171 1079 4232 Umbra
1091 4179 1135 4232 eat

17 4257 247 4334 oe.11‚115.
289 4257 362 4323 462.
381 4259 553 4337 Qmunsu-
593 4265 702 4337 mata,
736 4255 889 4331 iucunda3
922 4265 954 4314 at
982 4255 1134 4336 quomodo

17 4393 24 4419 ,
65 4343 153 4404 sive
184 4343 329 4428 expulsus
347 4343 483 4406 avicinie
495 4363 553 4422 po·
594 4341 720 4400 mdis?
747 4363 786 4403 an
809 4342 842 4402 in
860 4357 919 4420 que
934 4343 1066 4404 molliter
1082 4361 1134 4401 re-

17 4433 70 4508 is,
111 4447 186 4490 eeu
207 4427 303 4510 simpl.
325 4429 448 4509 migrat,
480 4437 551 4486 ete
594 4423 747 4488 cumbas?
781 4429 868 4508 longe
893 4427 1023 4504 petitum
1047 4435 1132 4486 meet.

17 4533 218 4608 Vmon..
246 4531 352 4603 Tou.
378 4531 407 4606 1.
721 4566 725 4574 ,
874 4527 925 4598 tt
