2784 4988
372 353 644 428 PHlLIPPl
669 355 973 430 WAGNERI.
1204 379 1232 433 v

101 559 182 626 tem
205 539 249 626 si
275 541 329 624 in
351 571 444 627 uno
476 541 564 626 hoo
594 559 730 658 poeta
757 542 1059 649 emendando,
1092 545 1232 660 expli-

102 657 273 768 cando,
305 659 569 745 illustrando
603 661 877 766 contriverit,
907 689 1005 744 rem
1027 661 1102 746 vix
1126 689 1232 778 pos-

101 779 151 860 sit
180 805 266 882 eo,
301 804 392 890 quo
426 779 596 894 cupiat,
630 777 869 863 adducere.
927 778 987 863 At
1018 806 1120 892 ego,
1152 780 1231 892 qui

100 922 181 978 nco
198 921 229 979 a
246 913 415 980 natura
444 895 507 979 ita
537 897 728 980 multum
755 897 950 980 habeam
969 895 1228 1004 adiumenti,

101 1029 139 1096 et
169 1013 265 1097 otio
299 1013 504 1097 omnium
526 1013 711 1098 minime
743 1013 948 1118 affluam,
979 1043 1124 1098 unum
1154 1043 1228 1099 me

99 1131 212 1215 scire
243 1131 415 1238 fateor,
443 1161 536 1216 non
562 1159 692 1248 posse
725 1157 998 1243 quemquam
1027 1161 1101 1216 me
1131 1159 1230 1216 me-

98 1248 182 1333 lius
213 1249 488 1362 intelligere,
527 1249 637 1363 quid
668 1264 977 1362 quantumque
1006 1265 1137 1335 restet
1169 1249 1228 1334 ad

97 1367 509 1452 consummandam
548 1367 728 1478 suisque
764 1364 964 1450 numeris
995 1367 1230 1451 absolven-

99 1483 206 1568 dam
232 1484 482 1569 editionem
498 1483 683 1598 Virgilii.
739 1483 892 1597 ltaque
916 1483 1005 1567 hoc
1022 1481 1109 1590 Te,
1139 1481 1229 1568 Le-

1 1683 2 1688 ,
99 1619 190 1685 otor
231 1601 454 1709 candide,
492 1621 698 1718 rogatum
725 1603 851 1706 volo,
890 1616 1080 1707 utnon,
1118 1601 1227 1715 quid

97 1717 168 1802 Tu
200 1748 279 1803 me
312 1719 582 1836 praestitisse
606 1720 745 1824 ·velis,
784 1717 865 1802 sed
896 1735 1115 1832 quantum
1147 1747 1225 1834 ego

97 1837 325 1954 potuerim
362 1855 613 1954 praestare,
658 1837 941 1942 consideres,
982 1866 1132 1950 neque
1173 1865 1227 1921 ea

98 1983 315 2067 quaeras,
364 1982 483 2069 quae
520 1985 599 2072 ego
629 1985 703 2040 me
746 1935 956 2050 daturirm
992 1982 1086 2038 non
1125 1983 1227 2039 sum

96 2073 349 2190 pollicitus,
381 2072 462 2158 sed
483 2073 531 2156 id
560 2073 739 2177 videas,
772 2099 887 2183 quae
917 2101 990 2156 me
1022 2089 1228 2158 acturum

96 2193 233 2276 luisse
252 2190 406 2276 statim
423 2191 686 2308 profitebor,
716 2190 765 2272 in
786 2189 856 2272 his
875 2190 1100 2302 quomodo
1119 2217 1227 2316 parv·a

97 2325 160 2393 tes
179 2337 208 2394 a
227 2327 399 2396 memet
422 2309 518 2424 ipso
543 2309 657 2392 mihi
673 2307 902 2424 impositas
921 2307 1225 2392 sustinuerim.

198 2427 394 2543 Suscepi
411 2426 646 2540 Virgilium
663 2423 953 2541 Heyuianum
982 2426 1045 2510 ita
1077 2425 1224 2510 denuo

98 2543 144 2628 in
172 2545 331 2630 lucem
364 2545 610 2650 edendum,
642 2561 691 2628 ut
717 2541 951 2648 adderem,
983 2569 1100 2656 quae
1132 2543 1225 2626 vel-

96 2661 209 2767 lem,
249 2663 481 2748 demerem
516 2662 642 2746 nihil.
704 2657 791 2748 Cui
824 2659 1037 2775 prudenti
1068 2657 1226 2743 admo-

97 2779 207 2864 dmn
238 2779 543 2864 honestissimi
561 2778 843 2864 Redemtoris
870 2775 1058 2861 consilio
1083 2805 1135 2859 eo
1155 2776 1225 2860 lu-

97 2899 279 2982 bentius
311 2899 634 3014 obtemperavi,
667 2924 756 3009 quo
788 2893 952 3011 pluris,
985 2910 1027 2978 ct
1051 2893 1223 3000 meritc,

96 3015 331 3102 aestimari
356 3016 566 3102 videbam
596 3013 760 3130 Heynii
791 3037 975 3127 operam
1004 3009 1052 3094 in
1075 3008 1224 3126 Virgi-

96 3135 154 3220 lio
188 3133 457 3218 adornando
496 3135 787 3235 collocatam,
824 3128 1022 3212 maxime
1054 3129 1111 3214 ab
1145 3158 1224 3214 ex-

96 3254 199 3336 teris
231 3250 517 3355 nationibus,
553 3275 822 3334 manorum
849 3247 1135 3351 meritorum,
1175 3263 1224 3332 ut

95 3369 296 3472 ridetur,
336 3368 601 3452 memoriam
631 3281 808 3450 lidelius
847 3363 1222 3468 conservantibus,

97 3514 235 3600 quam
267 3483 318 3568 id
354 3483 579 3570 interdum
613 3513 707 3568 non
744 3483 839 3567 sine
877 3509 979 3566 meo
1011 3481 1163 3564 dolore
1195 3507 1222 3562 a

94 3603 371 3690 nostratibus
396 3601 496 3686 fieri
517 3601 661 3686 video.
720 3597 775 3685 Et
793 3623 1070 3712 quamquam
1091 3625 1222 3681 omne

96 3749 207 3840 opus
241 3747 271 3805 a
303 3721 567 3804 mortalibus
598 3720 848 3834 inceptum,
885 3716 991 3800 licet
1023 3713 1083 3798 ad
1111 3713 1223 3798 illud

94 3837 429 3956 perficiendum
461 3835 828 3922 excellentissimo
854 3830 1032 3946 ingenio
1060 3831 1223 3916 adiun-

94 3959 207 4043 xeris
239 3955 469 4042 infinitam
500 3953 751 4039 doctrinam
772 3953 1064 4061 laboremque
1090 3948 1223 4032 indc-

92 4077 279 4184 lessum,
317 4101 436 4190 quae
463 4073 613 4158 omnia
636 4097 813 4155 summa
833 4072 1013 4154 luerunt
1036 4067 1085 4150 in
1100 4063 1222 4180 Hey-

88 4197 180 4304 nio,
218 4191 546 4280 imbecillitatis
577 4189 807 4273 humanae
837 4186 997 4270 retinet
1025 4181 1220 4298 vestigia,

87 4341 171 4400 non
200 4343 310 4401 sum
343 4329 500 4396 tamen
522 4333 600 4422 ego
621 4307 683 4411 is,
713 4306 815 4418 qui,
846 4329 987 4417 quum
1007 4301 1102 4420 ipse
1120 4299 1222 4414 plu-
