<?xml version="1.0" encoding="UTF-8"?>
<!DOCTYPE html PUBLIC "-//W3C//DTD XHTML 1.0 Transitional//EN"
    "http://www.w3.org/TR/xhtml1/DTD/xhtml1-transitional.dtd">
<html xmlns="http://www.w3.org/1999/xhtml" xml:lang="en" lang="en">
 <head>
  <title>
</title>
<meta http-equiv="Content-Type" content="text/html;charset=utf-8" />
  <meta name='ocr-system' content='tesseract 3.04.00' />
  <meta name='ocr-capabilities' content='ocr_page ocr_carea ocr_par ocr_line ocrx_word'/>
</head>
<body>
  <div class='ocr_page' id='page_1' title='image "./publiusvirgiliu00virggoog/publiusvirgiliu00virggoog_0038.png"; bbox 0 0 2816 4990; ppageno 0'>
   <div class='ocr_carea' id='block_1_1' title="bbox 328 357 1221 486">
    <p class='ocr_par' dir='ltr' id='par_1_1' title="bbox 328 357 1221 486">
     <span class='ocr_line' id='line_1_1' title="bbox 328 357 1221 486; baseline 0.003 -34"><span class='ocrx_word' id='word_1_1' title='bbox 328 373 600 486; x_wconf 81' lang='lat' dir='ltr'>nonrorvrs</span> <span class='ocrx_word' id='word_1_2' title='bbox 626 375 819 451; x_wconf 70' lang='lat' dir='ltr'>ramur</span> <span class='ocrx_word' id='word_1_3' title='bbox 847 377 986 454; x_wconf 83' lang='lat' dir='ltr'>vau</span> <span class='ocrx_word' id='word_1_4' title='bbox 1064 357 1069 366; x_wconf 85' lang='lat'>&#39;</span> <span class='ocrx_word' id='word_1_5' title='bbox 1127 401 1221 455; x_wconf 78' lang='lat' dir='ltr'>mx</span> 
     </span>
    </p>
   </div>
   <div class='ocr_carea' id='block_1_2' title="bbox 85 561 1220 4480">
    <p class='ocr_par' dir='ltr' id='par_1_2' title="bbox 85 561 1220 4480">
     <span class='ocr_line' id='line_1_2' title="bbox 97 561 1220 665; baseline 0.003 -27"><span class='ocrx_word' id='word_1_6' title='bbox 97 562 246 639; x_wconf 86' lang='lat' dir='ltr'>notulas</span> <span class='ocrx_word' id='word_1_7' title='bbox 266 565 419 664; x_wconf 86' lang='lat' dir='ltr'>passim</span> <span class='ocrx_word' id='word_1_8' title='bbox 442 561 697 662; x_wconf 83' lang='lat' dir='ltr'>adspergere,</span> <span class='ocrx_word' id='word_1_9' title='bbox 725 576 792 640; x_wconf 93' lang='lat' dir='ltr'>aut</span> <span class='ocrx_word' id='word_1_10' title='bbox 814 577 1012 665; x_wconf 85' lang='lat' dir='ltr'>excerptas</span> <span class='ocrx_word' id='word_1_11' title='bbox 1034 563 1220 641; x_wconf 87' lang='lat' dir='ltr'>observa-</span> 
     </span>
     <span class='ocr_line' id='line_1_3' title="bbox 97 665 1220 763; baseline 0.001 -21"><span class='ocrx_word' id='word_1_12' title='bbox 97 671 215 742; x_wconf 87' lang='lat' dir='ltr'>tiones</span> <span class='ocrx_word' id='word_1_13' title='bbox 239 691 290 742; x_wconf 82' lang='lat' dir='ltr'>ex</span> <span class='ocrx_word' id='word_1_14' title='bbox 313 665 476 741; x_wconf 89' lang='lat' dir='ltr'>schedis</span> <span class='ocrx_word' id='word_1_15' title='bbox 494 665 680 763; x_wconf 83' lang='lat' dir='ltr'>colligere</span> <span class='ocrx_word' id='word_1_16' title='bbox 699 680 740 741; x_wconf 93' lang='lat' dir='ltr'>et</span> <span class='ocrx_word' id='word_1_17' title='bbox 760 668 1019 743; x_wconf 65' lang='lat' dir='ltr'>transcribere</span> <span class='ocrx_word' id='word_1_18' title='bbox 1035 692 1118 743; x_wconf 90' lang='lat' dir='ltr'>non</span> <span class='ocrx_word' id='word_1_19' title='bbox 1133 683 1220 746; x_wconf 79' lang='lat' dir='ltr'>tan·</span> 
     </span>
     <span class='ocr_line' id='line_1_4' title="bbox 94 767 1219 873; baseline -0.002 -25"><span class='ocrx_word' id='word_1_20' title='bbox 94 785 171 848; x_wconf 74' lang='lat' dir='ltr'>trun</span> <span class='ocrx_word' id='word_1_21' title='bbox 186 767 441 846; x_wconf 80' lang='lat' dir='ltr'>difficultatis</span> <span class='ocrx_word' id='word_1_22' title='bbox 458 768 668 865; x_wconf 80' lang='lat' dir='ltr'>habuisset,</span> <span class='ocrx_word' id='word_1_23' title='bbox 695 769 767 845; x_wconf 91' lang='lat' dir='ltr'>sed</span> <span class='ocrx_word' id='word_1_24' title='bbox 783 772 823 845; x_wconf 92' lang='lat' dir='ltr'>in</span> <span class='ocrx_word' id='word_1_25' title='bbox 839 771 1000 869; x_wconf 85' lang='lat' dir='ltr'>Virgilio</span> <span class='ocrx_word' id='word_1_26' title='bbox 1015 773 1219 873; x_wconf 90' lang='lat' dir='ltr'>perpetuis</span> 
     </span>
     <span class='ocr_line' id='line_1_5' title="bbox 91 865 1219 976; baseline 0.003 -28"><span class='ocrx_word' id='word_1_27' title='bbox 91 875 393 948; x_wconf 87' lang='lat' dir='ltr'>commentariis</span> <span class='ocrx_word' id='word_1_28' title='bbox 409 865 643 949; x_wconf 85' lang='lat' dir='ltr'>illustrando</span> <span class='ocrx_word' id='word_1_29' title='bbox 669 886 709 949; x_wconf 92' lang='lat' dir='ltr'>et</span> <span class='ocrx_word' id='word_1_30' title='bbox 728 873 900 948; x_wconf 86' lang='lat' dir='ltr'>maiores</span> <span class='ocrx_word' id='word_1_31' title='bbox 920 888 958 949; x_wconf 90' lang='lat' dir='ltr'>et</span> <span class='ocrx_word' id='word_1_32' title='bbox 975 873 1110 976; x_wconf 93' lang='lat' dir='ltr'>plures</span> <span class='ocrx_word' id='word_1_33' title='bbox 1127 901 1219 951; x_wconf 89' lang='lat' dir='ltr'>mo-</span> 
     </span>
     <span class='ocr_line' id='line_1_6' title="bbox 92 977 1219 1080; baseline 0.002 -28"><span class='ocrx_word' id='word_1_34' title='bbox 92 977 221 1052; x_wconf 84' lang='lat' dir='ltr'>lestiae</span> <span class='ocrx_word' id='word_1_35' title='bbox 264 977 560 1052; x_wconf 88' lang='lat' dir='ltr'>obiiciebantur</span> <span class='ocrx_word' id='word_1_36' title='bbox 587 1001 633 1052; x_wconf 85' lang='lat' dir='ltr'>ex</span> <span class='ocrx_word' id='word_1_37' title='bbox 668 978 922 1076; x_wconf 85' lang='lat' dir='ltr'>superiorum</span> <span class='ocrx_word' id='word_1_38' title='bbox 953 979 1219 1080; x_wconf 76' lang='lat' dir='ltr'>interpretum</span> 
     </span>
     <span class='ocr_line' id='line_1_7' title="bbox 90 1079 1219 1182; baseline 0.004 -28"><span class='ocrx_word' id='word_1_39' title='bbox 90 1083 197 1182; x_wconf 87' lang='lat' dir='ltr'>copia</span> <span class='ocrx_word' id='word_1_40' title='bbox 215 1094 259 1155; x_wconf 93' lang='lat' dir='ltr'>et</span> <span class='ocrx_word' id='word_1_41' title='bbox 275 1079 507 1156; x_wconf 88' lang='lat' dir='ltr'>multorum</span> <span class='ocrx_word' id='word_1_42' title='bbox 526 1103 693 1179; x_wconf 87' lang='lat' dir='ltr'>operosa</span> <span class='ocrx_word' id='word_1_43' title='bbox 717 1083 1065 1157; x_wconf 91' lang='lat' dir='ltr'>commentatione.</span> <span class='ocrx_word' id='word_1_44' title='bbox 1116 1087 1219 1159; x_wconf 91' lang='lat' dir='ltr'>Nam</span> 
     </span>
     <span class='ocr_line' id='line_1_8' title="bbox 89 1183 1218 1284; baseline 0.002 -26"><span class='ocrx_word' id='word_1_45' title='bbox 89 1187 122 1258; x_wconf 92' lang='lat' dir='ltr'>in</span> <span class='ocrx_word' id='word_1_46' title='bbox 142 1197 269 1284; x_wconf 88' lang='lat' dir='ltr'>poeta</span> <span class='ocrx_word' id='word_1_47' title='bbox 295 1183 505 1278; x_wconf 84' lang='lat' dir='ltr'>versabar,</span> <span class='ocrx_word' id='word_1_48' title='bbox 534 1209 555 1257; x_wconf 90' lang='lat' dir='ltr'>a</span> <span class='ocrx_word' id='word_1_49' title='bbox 578 1196 638 1258; x_wconf 92' lang='lat' dir='ltr'>tot</span> <span class='ocrx_word' id='word_1_50' title='bbox 661 1183 944 1284; x_wconf 87' lang='lat' dir='ltr'>interpretibus</span> <span class='ocrx_word' id='word_1_51' title='bbox 966 1197 1135 1278; x_wconf 89' lang='lat' dir='ltr'>tentato,</span> <span class='ocrx_word' id='word_1_52' title='bbox 1161 1199 1218 1284; x_wconf 87' lang='lat' dir='ltr'>ut,</span> 
     </span>
     <span class='ocr_line' id='line_1_9' title="bbox 88 1285 1218 1388; baseline 0.002 -26"><span class='ocrx_word' id='word_1_53' title='bbox 88 1291 112 1362; x_wconf 88' lang='lat' dir='ltr'>si</span> <span class='ocrx_word' id='word_1_54' title='bbox 136 1289 424 1388; x_wconf 85' lang='lat' dir='ltr'>unusquisque</span> <span class='ocrx_word' id='word_1_55' title='bbox 450 1311 494 1361; x_wconf 88' lang='lat' dir='ltr'>ex</span> <span class='ocrx_word' id='word_1_56' title='bbox 514 1287 559 1360; x_wconf 95' lang='lat' dir='ltr'>iis</span> <span class='ocrx_word' id='word_1_57' title='bbox 577 1285 643 1361; x_wconf 88' lang='lat' dir='ltr'>vel</span> <span class='ocrx_word' id='word_1_58' title='bbox 656 1311 784 1362; x_wconf 89' lang='lat' dir='ltr'>unum</span> <span class='ocrx_word' id='word_1_59' title='bbox 804 1300 961 1362; x_wconf 92' lang='lat' dir='ltr'>tantum</span> <span class='ocrx_word' id='word_1_60' title='bbox 978 1287 1113 1362; x_wconf 88' lang='lat' dir='ltr'>locum</span> <span class='ocrx_word' id='word_1_61' title='bbox 1129 1291 1218 1364; x_wconf 89' lang='lat' dir='ltr'>satis</span> 
     </span>
     <span class='ocr_line' id='line_1_10' title="bbox 88 1389 1218 1488; baseline 0 -22"><span class='ocrx_word' id='word_1_62' title='bbox 88 1391 341 1488; x_wconf 77' lang='lat' dir='ltr'>illustrasset,</span> <span class='ocrx_word' id='word_1_63' title='bbox 375 1389 476 1466; x_wconf 91' lang='lat' dir='ltr'>nihil</span> <span class='ocrx_word' id='word_1_64' title='bbox 495 1391 536 1464; x_wconf 95' lang='lat' dir='ltr'>in</span> <span class='ocrx_word' id='word_1_65' title='bbox 558 1402 646 1464; x_wconf 90' lang='lat' dir='ltr'>toto</span> <span class='ocrx_word' id='word_1_66' title='bbox 672 1390 836 1488; x_wconf 83' lang='lat' dir='ltr'>Virgilio</span> <span class='ocrx_word' id='word_1_67' title='bbox 857 1390 1103 1466; x_wconf 85' lang='lat' dir='ltr'>obscuritatis</span> <span class='ocrx_word' id='word_1_68' title='bbox 1125 1391 1218 1468; x_wconf 87' lang='lat' dir='ltr'>reli·</span> 
     </span>
     <span class='ocr_line' id='line_1_11' title="bbox 89 1491 1218 1594; baseline 0.002 -26"><span class='ocrx_word' id='word_1_69' title='bbox 89 1509 191 1569; x_wconf 85' lang='lat' dir='ltr'>ctum</span> <span class='ocrx_word' id='word_1_70' title='bbox 210 1519 323 1586; x_wconf 87' lang='lat' dir='ltr'>esse,</span> <span class='ocrx_word' id='word_1_71' title='bbox 353 1495 413 1568; x_wconf 92' lang='lat' dir='ltr'>sin</span> <span class='ocrx_word' id='word_1_72' title='bbox 437 1517 564 1568; x_wconf 92' lang='lat' dir='ltr'>unum</span> <span class='ocrx_word' id='word_1_73' title='bbox 585 1491 726 1568; x_wconf 92' lang='lat' dir='ltr'>saltem</span> <span class='ocrx_word' id='word_1_74' title='bbox 742 1493 907 1594; x_wconf 92' lang='lat' dir='ltr'>quilibet</span> <span class='ocrx_word' id='word_1_75' title='bbox 924 1494 1060 1570; x_wconf 92' lang='lat' dir='ltr'>locum</span> <span class='ocrx_word' id='word_1_76' title='bbox 1075 1493 1218 1570; x_wconf 90' lang='lat' dir='ltr'>obscu-</span> 
     </span>
     <span class='ocr_line' id='line_1_12' title="bbox 85 1595 1218 1693; baseline 0.002 -21"><span class='ocrx_word' id='word_1_77' title='bbox 85 1611 224 1691; x_wconf 82' lang='lat' dir='ltr'>rasset,</span> <span class='ocrx_word' id='word_1_78' title='bbox 256 1601 300 1672; x_wconf 91' lang='lat' dir='ltr'>in</span> <span class='ocrx_word' id='word_1_79' title='bbox 318 1609 407 1673; x_wconf 90' lang='lat' dir='ltr'>toto</span> <span class='ocrx_word' id='word_1_80' title='bbox 422 1597 540 1672; x_wconf 91' lang='lat' dir='ltr'>nobis</span> <span class='ocrx_word' id='word_1_81' title='bbox 553 1595 715 1693; x_wconf 84' lang='lat' dir='ltr'>Virgilio</span> <span class='ocrx_word' id='word_1_82' title='bbox 734 1597 1036 1674; x_wconf 87' lang='lat' dir='ltr'>caecutiendum</span> <span class='ocrx_word' id='word_1_83' title='bbox 1058 1621 1142 1673; x_wconf 90' lang='lat' dir='ltr'>esse</span> <span class='ocrx_word' id='word_1_84' title='bbox 1161 1598 1218 1674; x_wconf 89' lang='lat' dir='ltr'>vi-</span> 
     </span>
     <span class='ocr_line' id='line_1_13' title="bbox 86 1699 1217 1801; baseline 0 -25"><span class='ocrx_word' id='word_1_85' title='bbox 86 1701 168 1776; x_wconf 90' lang='lat' dir='ltr'>deri</span> <span class='ocrx_word' id='word_1_86' title='bbox 184 1701 374 1778; x_wconf 82' lang='lat' dir='ltr'>deberet</span> <span class='ocrx_word' id='word_1_87' title='bbox 429 1705 540 1795; x_wconf 84' lang='lat' dir='ltr'>Quos</span> <span class='ocrx_word' id='word_1_88' title='bbox 557 1699 722 1801; x_wconf 90' lang='lat' dir='ltr'>quidem</span> <span class='ocrx_word' id='word_1_89' title='bbox 739 1723 880 1776; x_wconf 91' lang='lat' dir='ltr'>omnes</span> <span class='ocrx_word' id='word_1_90' title='bbox 900 1727 918 1776; x_wconf 93' lang='lat' dir='ltr'>a</span> <span class='ocrx_word' id='word_1_91' title='bbox 934 1727 1002 1776; x_wconf 89' lang='lat' dir='ltr'>me</span> <span class='ocrx_word' id='word_1_92' title='bbox 1018 1700 1217 1801; x_wconf 89' lang='lat' dir='ltr'>perlectos</span> 
     </span>
     <span class='ocr_line' id='line_1_14' title="bbox 88 1803 1215 1904; baseline 0 -24"><span class='ocrx_word' id='word_1_93' title='bbox 88 1829 189 1901; x_wconf 87' lang='lat' dir='ltr'>esse,</span> <span class='ocrx_word' id='word_1_94' title='bbox 216 1805 471 1880; x_wconf 86' lang='lat' dir='ltr'>neminema</span> <span class='ocrx_word' id='word_1_95' title='bbox 491 1827 560 1878; x_wconf 91' lang='lat' dir='ltr'>me</span> <span class='ocrx_word' id='word_1_96' title='bbox 587 1817 790 1904; x_wconf 85' lang='lat' dir='ltr'>expectare</span> <span class='ocrx_word' id='word_1_97' title='bbox 808 1803 944 1881; x_wconf 90' lang='lat' dir='ltr'>velim:</span> <span class='ocrx_word' id='word_1_98' title='bbox 971 1805 1104 1904; x_wconf 94' lang='lat' dir='ltr'>primo</span> <span class='ocrx_word' id='word_1_99' title='bbox 1123 1803 1215 1880; x_wconf 94' lang='lat' dir='ltr'>loco</span> 
     </span>
     <span class='ocr_line' id='line_1_15' title="bbox 87 1905 1217 2008; baseline 0.001 -26"><span class='ocrx_word' id='word_1_100' title='bbox 87 1911 292 2000; x_wconf 89' lang='lat' dir='ltr'>Servium,</span> <span class='ocrx_word' id='word_1_101' title='bbox 319 1907 443 1982; x_wconf 89' lang='lat' dir='ltr'>Probi</span> <span class='ocrx_word' id='word_1_102' title='bbox 459 1905 633 2002; x_wconf 88' lang='lat' dir='ltr'>lacinias,</span> <span class='ocrx_word' id='word_1_103' title='bbox 664 1931 755 1981; x_wconf 93' lang='lat' dir='ltr'>cum</span> <span class='ocrx_word' id='word_1_104' title='bbox 772 1909 1010 2008; x_wconf 84' lang='lat' dir='ltr'>exscriptore</span> <span class='ocrx_word' id='word_1_105' title='bbox 1025 1908 1127 1983; x_wconf 95' lang='lat' dir='ltr'>Iulio</span> <span class='ocrx_word' id='word_1_106' title='bbox 1146 1911 1217 1983; x_wconf 86' lang='lat' dir='ltr'>Sa-</span> 
     </span>
     <span class='ocr_line' id='line_1_16' title="bbox 87 2009 1217 2108; baseline 0.002 -24"><span class='ocrx_word' id='word_1_107' title='bbox 87 2011 199 2108; x_wconf 90' lang='lat' dir='ltr'>bino,</span> <span class='ocrx_word' id='word_1_108' title='bbox 223 2016 438 2088; x_wconf 89' lang='lat' dir='ltr'>Donatum</span> <span class='ocrx_word' id='word_1_109' title='bbox 455 2023 496 2084; x_wconf 93' lang='lat' dir='ltr'>et</span> <span class='ocrx_word' id='word_1_110' title='bbox 516 2009 821 2108; x_wconf 89' lang='lat' dir='ltr'>Philargyrium‚</span> <span class='ocrx_word' id='word_1_111' title='bbox 849 2023 936 2086; x_wconf 92' lang='lat' dir='ltr'>tum</span> <span class='ocrx_word' id='word_1_112' title='bbox 951 2011 1158 2086; x_wconf 90' lang='lat' dir='ltr'>Heinsium</span> <span class='ocrx_word' id='word_1_113' title='bbox 1176 2023 1217 2086; x_wconf 92' lang='lat' dir='ltr'>et</span> 
     </span>
     <span class='ocr_line' id='line_1_17' title="bbox 86 2113 1216 2214; baseline -0.002 -24"><span class='ocrx_word' id='word_1_114' title='bbox 86 2119 386 2210; x_wconf 78' lang='lat' dir='ltr'>Romanunm,</span> <span class='ocrx_word' id='word_1_115' title='bbox 416 2113 597 2213; x_wconf 88' lang='lat' dir='ltr'>aquibus</span> <span class='ocrx_word' id='word_1_116' title='bbox 618 2127 754 2188; x_wconf 89' lang='lat' dir='ltr'>tamen</span> <span class='ocrx_word' id='word_1_117' title='bbox 773 2113 823 2188; x_wconf 91' lang='lat' dir='ltr'>ad</span> <span class='ocrx_word' id='word_1_118' title='bbox 845 2115 1216 2214; x_wconf 84' lang='lat' dir='ltr'>interpretationem</span> 
     </span>
     <span class='ocr_line' id='line_1_18' title="bbox 88 2214 1215 2318; baseline 0 -26"><span class='ocrx_word' id='word_1_119' title='bbox 88 2245 228 2318; x_wconf 85' lang='lat' dir='ltr'>parum</span> <span class='ocrx_word' id='word_1_120' title='bbox 251 2215 407 2294; x_wconf 84' lang='lat' dir='ltr'>fructus</span> <span class='ocrx_word' id='word_1_121' title='bbox 423 2214 544 2312; x_wconf 78' lang='lat' dir='ltr'>feraS,</span> <span class='ocrx_word' id='word_1_122' title='bbox 573 2216 764 2310; x_wconf 86' lang='lat' dir='ltr'>Cerdam,</span> <span class='ocrx_word' id='word_1_123' title='bbox 794 2216 957 2292; x_wconf 89' lang='lat' dir='ltr'>doctum</span> <span class='ocrx_word' id='word_1_124' title='bbox 978 2230 1018 2293; x_wconf 91' lang='lat' dir='ltr'>et</span> <span class='ocrx_word' id='word_1_125' title='bbox 1039 2215 1215 2293; x_wconf 86' lang='lat' dir='ltr'>laborio-</span> 
     </span>
     <span class='ocr_line' id='line_1_19' title="bbox 88 2318 1214 2421; baseline 0.002 -25"><span class='ocrx_word' id='word_1_126' title='bbox 88 2347 192 2417; x_wconf 85' lang='lat' dir='ltr'>sum,</span> <span class='ocrx_word' id='word_1_127' title='bbox 220 2324 358 2397; x_wconf 89' lang='lat' dir='ltr'>minus</span> <span class='ocrx_word' id='word_1_128' title='bbox 376 2318 482 2396; x_wconf 87' lang='lat' dir='ltr'>forte</span> <span class='ocrx_word' id='word_1_129' title='bbox 505 2320 772 2418; x_wconf 91' lang='lat' dir='ltr'>ingeniosum,</span> <span class='ocrx_word' id='word_1_130' title='bbox 799 2321 1078 2421; x_wconf 84' lang='lat' dir='ltr'>interpretem,</span> <span class='ocrx_word' id='word_1_131' title='bbox 1106 2322 1214 2398; x_wconf 92' lang='lat' dir='ltr'>cuius</span> 
     </span>
     <span class='ocr_line' id='line_1_20' title="bbox 89 2423 1214 2526; baseline 0.002 -28"><span class='ocrx_word' id='word_1_132' title='bbox 89 2437 222 2502; x_wconf 80' lang='lat' dir='ltr'>tamen</span> <span class='ocrx_word' id='word_1_133' title='bbox 249 2426 365 2526; x_wconf 90' lang='lat' dir='ltr'>copia</span> <span class='ocrx_word' id='word_1_134' title='bbox 395 2437 435 2499; x_wconf 90' lang='lat' dir='ltr'>et</span> <span class='ocrx_word' id='word_1_135' title='bbox 459 2423 629 2499; x_wconf 90' lang='lat' dir='ltr'>eruditio</span> <span class='ocrx_word' id='word_1_136' title='bbox 657 2448 741 2498; x_wconf 94' lang='lat' dir='ltr'>non</span> <span class='ocrx_word' id='word_1_137' title='bbox 766 2449 856 2500; x_wconf 89' lang='lat' dir='ltr'>raro</span> <span class='ocrx_word' id='word_1_138' title='bbox 885 2423 974 2524; x_wconf 94' lang='lat' dir='ltr'>plus</span> <span class='ocrx_word' id='word_1_139' title='bbox 995 2423 1214 2520; x_wconf 89' lang='lat' dir='ltr'>molestiae,</span> 
     </span>
     <span class='ocr_line' id='line_1_21' title="bbox 89 2525 1215 2628; baseline -0.001 -26"><span class='ocrx_word' id='word_1_140' title='bbox 89 2555 208 2628; x_wconf 89' lang='lat' dir='ltr'>qnam</span> <span class='ocrx_word' id='word_1_141' title='bbox 232 2529 336 2606; x_wconf 91' lang='lat' dir='ltr'>boni</span> <span class='ocrx_word' id='word_1_142' title='bbox 364 2525 534 2624; x_wconf 89' lang='lat' dir='ltr'>fructus,</span> <span class='ocrx_word' id='word_1_143' title='bbox 569 2527 719 2602; x_wconf 89' lang='lat' dir='ltr'>habere</span> <span class='ocrx_word' id='word_1_144' title='bbox 747 2525 869 2619; x_wconf 87' lang='lat' dir='ltr'>solet;</span> <span class='ocrx_word' id='word_1_145' title='bbox 903 2540 1062 2628; x_wconf 90' lang='lat' dir='ltr'>praeter</span> <span class='ocrx_word' id='word_1_146' title='bbox 1091 2527 1215 2603; x_wconf 86' lang='lat' dir='ltr'>Guel-</span> 
     </span>
     <span class='ocr_line' id='line_1_22' title="bbox 91 2629 1214 2726; baseline -0.001 -22"><span class='ocrx_word' id='word_1_147' title='bbox 91 2629 184 2706; x_wconf 90' lang='lat' dir='ltr'>lium</span> <span class='ocrx_word' id='word_1_148' title='bbox 220 2645 264 2706; x_wconf 92' lang='lat' dir='ltr'>et</span> <span class='ocrx_word' id='word_1_149' title='bbox 302 2633 511 2726; x_wconf 88' lang='lat' dir='ltr'>Ursinum,</span> <span class='ocrx_word' id='word_1_150' title='bbox 553 2653 643 2705; x_wconf 92' lang='lat' dir='ltr'>cum</span> <span class='ocrx_word' id='word_1_151' title='bbox 676 2635 867 2718; x_wconf 91' lang='lat' dir='ltr'>Martino,</span> <span class='ocrx_word' id='word_1_152' title='bbox 906 2629 1109 2704; x_wconf 91' lang='lat' dir='ltr'>interdum</span> <span class='ocrx_word' id='word_1_153' title='bbox 1137 2633 1214 2706; x_wconf 82' lang='lat' dir='ltr'>Ca-</span> 
     </span>
     <span class='ocr_line' id='line_1_23' title="bbox 88 2731 1214 2831; baseline -0.002 -24"><span class='ocrx_word' id='word_1_154' title='bbox 88 2749 246 2812; x_wconf 86' lang='lat' dir='ltr'>troeum</span> <span class='ocrx_word' id='word_1_155' title='bbox 265 2749 307 2810; x_wconf 93' lang='lat' dir='ltr'>et</span> <span class='ocrx_word' id='word_1_156' title='bbox 320 2737 523 2826; x_wconf 87' lang='lat' dir='ltr'>Ruaeum,</span> <span class='ocrx_word' id='word_1_157' title='bbox 551 2731 735 2809; x_wconf 89' lang='lat' dir='ltr'>evolvere</span> <span class='ocrx_word' id='word_1_158' title='bbox 754 2734 845 2806; x_wconf 89' lang='lat' dir='ltr'>satis</span> <span class='ocrx_word' id='word_1_159' title='bbox 862 2731 1001 2809; x_wconf 88' lang='lat' dir='ltr'>habui:</span> <span class='ocrx_word' id='word_1_160' title='bbox 1029 2757 1051 2808; x_wconf 90' lang='lat' dir='ltr'>e</span> <span class='ocrx_word' id='word_1_161' title='bbox 1071 2732 1214 2831; x_wconf 89' lang='lat' dir='ltr'>quibus</span> 
     </span>
     <span class='ocr_line' id='line_1_24' title="bbox 88 2832 1213 2937; baseline -0.001 -27"><span class='ocrx_word' id='word_1_162' title='bbox 88 2839 387 2914; x_wconf 85' lang='lat' dir='ltr'>commentariis</span> <span class='ocrx_word' id='word_1_163' title='bbox 411 2835 586 2912; x_wconf 90' lang='lat' dir='ltr'>multum</span> <span class='ocrx_word' id='word_1_164' title='bbox 608 2861 675 2912; x_wconf 91' lang='lat' dir='ltr'>me</span> <span class='ocrx_word' id='word_1_165' title='bbox 695 2832 913 2937; x_wconf 86' lang='lat' dir='ltr'>profecisse</span> <span class='ocrx_word' id='word_1_166' title='bbox 942 2859 1025 2909; x_wconf 92' lang='lat' dir='ltr'>non</span> <span class='ocrx_word' id='word_1_167' title='bbox 1053 2832 1213 2930; x_wconf 89' lang='lat' dir='ltr'>infitior,</span> 
     </span>
     <span class='ocr_line' id='line_1_25' title="bbox 87 2935 1214 3042; baseline -0.002 -28"><span class='ocrx_word' id='word_1_168' title='bbox 87 2965 203 3042; x_wconf 82' lang='lat' dir='ltr'>saepe</span> <span class='ocrx_word' id='word_1_169' title='bbox 221 2955 361 3016; x_wconf 86' lang='lat' dir='ltr'>tamen</span> <span class='ocrx_word' id='word_1_170' title='bbox 387 2941 433 3014; x_wconf 90' lang='lat' dir='ltr'>iis</span> <span class='ocrx_word' id='word_1_171' title='bbox 452 2941 493 3014; x_wconf 92' lang='lat' dir='ltr'>in</span> <span class='ocrx_word' id='word_1_172' title='bbox 516 2937 630 3035; x_wconf 91' lang='lat' dir='ltr'>locis,</span> <span class='ocrx_word' id='word_1_173' title='bbox 657 2941 696 3013; x_wconf 94' lang='lat' dir='ltr'>in</span> <span class='ocrx_word' id='word_1_174' title='bbox 719 2938 863 3040; x_wconf 92' lang='lat' dir='ltr'>quibus</span> <span class='ocrx_word' id='word_1_175' title='bbox 884 2939 968 3037; x_wconf 91' lang='lat' dir='ltr'>ipse</span> <span class='ocrx_word' id='word_1_176' title='bbox 991 2935 1214 3026; x_wconf 88' lang='lat' dir='ltr'>haererem,</span> 
     </span>
     <span class='ocr_line' id='line_1_26' title="bbox 86 3040 1212 3144; baseline -0.002 -26"><span class='ocrx_word' id='word_1_177' title='bbox 86 3045 261 3120; x_wconf 82' lang='lat' dir='ltr'>utilitatis</span> <span class='ocrx_word' id='word_1_178' title='bbox 278 3069 433 3144; x_wconf 89' lang='lat' dir='ltr'>parum,</span> <span class='ocrx_word' id='word_1_179' title='bbox 461 3043 578 3116; x_wconf 87' lang='lat' dir='ltr'>taedii</span> <span class='ocrx_word' id='word_1_180' title='bbox 596 3040 940 3144; x_wconf 89' lang='lat' dir='ltr'>veroplurimum,</span> <span class='ocrx_word' id='word_1_181' title='bbox 968 3040 1062 3116; x_wconf 88' lang='lat' dir='ltr'>inde</span> <span class='ocrx_word' id='word_1_182' title='bbox 1079 3040 1128 3117; x_wconf 92' lang='lat' dir='ltr'>ad</span> <span class='ocrx_word' id='word_1_183' title='bbox 1145 3065 1212 3116; x_wconf 92' lang='lat' dir='ltr'>me</span> 
     </span>
     <span class='ocr_line' id='line_1_27' title="bbox 86 3145 1212 3245; baseline -0.002 -24"><span class='ocrx_word' id='word_1_184' title='bbox 86 3147 216 3222; x_wconf 91' lang='lat' dir='ltr'>redire</span> <span class='ocrx_word' id='word_1_185' title='bbox 243 3148 359 3226; x_wconf 90' lang='lat' dir='ltr'>sensi.</span> <span class='ocrx_word' id='word_1_186' title='bbox 411 3145 628 3222; x_wconf 91' lang='lat' dir='ltr'>Destitutus</span> <span class='ocrx_word' id='word_1_187' title='bbox 661 3147 769 3221; x_wconf 93' lang='lat' dir='ltr'>enim</span> <span class='ocrx_word' id='word_1_188' title='bbox 789 3145 837 3220; x_wconf 89' lang='lat' dir='ltr'>ab</span> <span class='ocrx_word' id='word_1_189' title='bbox 863 3145 928 3240; x_wconf 91' lang='lat' dir='ltr'>iis,</span> <span class='ocrx_word' id='word_1_190' title='bbox 963 3145 1118 3245; x_wconf 91' lang='lat' dir='ltr'>quoties</span> <span class='ocrx_word' id='word_1_191' title='bbox 1142 3169 1212 3220; x_wconf 91' lang='lat' dir='ltr'>eo-</span> 
     </span>
     <span class='ocr_line' id='line_1_28' title="bbox 85 3247 1213 3352; baseline -0.002 -28"><span class='ocrx_word' id='word_1_192' title='bbox 85 3277 176 3326; x_wconf 91' lang='lat' dir='ltr'>rnm</span> <span class='ocrx_word' id='word_1_193' title='bbox 196 3276 368 3352; x_wconf 87' lang='lat' dir='ltr'>operam</span> <span class='ocrx_word' id='word_1_194' title='bbox 394 3247 688 3342; x_wconf 86' lang='lat' dir='ltr'>desiderabam,</span> <span class='ocrx_word' id='word_1_195' title='bbox 721 3249 761 3321; x_wconf 90' lang='lat' dir='ltr'>in</span> <span class='ocrx_word' id='word_1_196' title='bbox 792 3247 891 3340; x_wconf 88' lang='lat' dir='ltr'>aliis,</span> <span class='ocrx_word' id='word_1_197' title='bbox 927 3272 1028 3348; x_wconf 90' lang='lat' dir='ltr'>quae</span> <span class='ocrx_word' id='word_1_198' title='bbox 1052 3248 1213 3324; x_wconf 92' lang='lat' dir='ltr'>nullum</span> 
     </span>
     <span class='ocr_line' id='line_1_29' title="bbox 86 3349 1211 3453; baseline -0.002 -25"><span class='ocrx_word' id='word_1_199' title='bbox 86 3353 235 3430; x_wconf 86' lang='lat' dir='ltr'>alienae</span> <span class='ocrx_word' id='word_1_200' title='bbox 264 3356 354 3453; x_wconf 88' lang='lat' dir='ltr'>opis</span> <span class='ocrx_word' id='word_1_201' title='bbox 385 3351 630 3428; x_wconf 86' lang='lat' dir='ltr'>desiderium</span> <span class='ocrx_word' id='word_1_202' title='bbox 654 3349 869 3443; x_wconf 87' lang='lat' dir='ltr'>faciebant,</span> <span class='ocrx_word' id='word_1_203' title='bbox 913 3363 995 3424; x_wconf 90' lang='lat' dir='ltr'>tam</span> <span class='ocrx_word' id='word_1_204' title='bbox 1027 3352 1211 3451; x_wconf 89' lang='lat' dir='ltr'>copiosos</span> 
     </span>
     <span class='ocr_line' id='line_1_30' title="bbox 87 3452 1212 3553; baseline 0 -23"><span class='ocrx_word' id='word_1_205' title='bbox 87 3483 128 3532; x_wconf 82' lang='lat' dir='ltr'>ac</span> <span class='ocrx_word' id='word_1_206' title='bbox 143 3457 290 3534; x_wconf 91' lang='lat' dir='ltr'>doctos</span> <span class='ocrx_word' id='word_1_207' title='bbox 309 3481 378 3532; x_wconf 90' lang='lat' dir='ltr'>eos</span> <span class='ocrx_word' id='word_1_208' title='bbox 397 3479 483 3530; x_wconf 83' lang='lat' dir='ltr'>esse</span> <span class='ocrx_word' id='word_1_209' title='bbox 500 3453 704 3549; x_wconf 89' lang='lat' dir='ltr'>videbam,</span> <span class='ocrx_word' id='word_1_210' title='bbox 730 3465 794 3550; x_wconf 90' lang='lat' dir='ltr'>ut,</span> <span class='ocrx_word' id='word_1_211' title='bbox 823 3453 1033 3553; x_wconf 91' lang='lat' dir='ltr'>quomodo</span> <span class='ocrx_word' id='word_1_212' title='bbox 1052 3466 1113 3528; x_wconf 92' lang='lat' dir='ltr'>tot</span> <span class='ocrx_word' id='word_1_213' title='bbox 1129 3452 1212 3530; x_wconf 90' lang='lat' dir='ltr'>ele-</span> 
     </span>
     <span class='ocr_line' id='line_1_31' title="bbox 85 3553 1212 3657; baseline -0.003 -23"><span class='ocrx_word' id='word_1_214' title='bbox 85 3563 261 3657; x_wconf 86' lang='lat' dir='ltr'>gantium</span> <span class='ocrx_word' id='word_1_215' title='bbox 286 3574 328 3635; x_wconf 94' lang='lat' dir='ltr'>et</span> <span class='ocrx_word' id='word_1_216' title='bbox 349 3572 552 3634; x_wconf 80' lang='lat' dir='ltr'>acutarum</span> <span class='ocrx_word' id='word_1_217' title='bbox 574 3557 897 3632; x_wconf 86' lang='lat' dir='ltr'>observationum</span> <span class='ocrx_word' id='word_1_218' title='bbox 920 3553 1054 3632; x_wconf 87' lang='lat' dir='ltr'>fructu</span> <span class='ocrx_word' id='word_1_219' title='bbox 1075 3555 1212 3632; x_wconf 91' lang='lat' dir='ltr'>adole-</span> 
     </span>
     <span class='ocr_line' id='line_1_32' title="bbox 87 3657 1212 3762; baseline -0.003 -24"><span class='ocrx_word' id='word_1_220' title='bbox 87 3679 239 3740; x_wconf 88' lang='lat' dir='ltr'>scentes</span> <span class='ocrx_word' id='word_1_221' title='bbox 261 3687 339 3739; x_wconf 92' lang='lat' dir='ltr'>nec</span> <span class='ocrx_word' id='word_1_222' title='bbox 357 3661 479 3762; x_wconf 90' lang='lat' dir='ltr'>plane</span> <span class='ocrx_word' id='word_1_223' title='bbox 502 3661 718 3760; x_wconf 91' lang='lat' dir='ltr'>privarem,</span> <span class='ocrx_word' id='word_1_224' title='bbox 745 3683 820 3734; x_wconf 92' lang='lat' dir='ltr'>nec</span> <span class='ocrx_word' id='word_1_225' title='bbox 842 3683 933 3734; x_wconf 91' lang='lat' dir='ltr'>cum</span> <span class='ocrx_word' id='word_1_226' title='bbox 949 3657 1083 3734; x_wconf 92' lang='lat' dir='ltr'>taedio</span> <span class='ocrx_word' id='word_1_227' title='bbox 1097 3660 1212 3735; x_wconf 89' lang='lat' dir='ltr'>satia-</span> 
     </span>
     <span class='ocr_line' id='line_1_33' title="bbox 86 3759 1210 3864; baseline -0.002 -24"><span class='ocrx_word' id='word_1_228' title='bbox 86 3792 187 3864; x_wconf 86' lang='lat' dir='ltr'>rem,</span> <span class='ocrx_word' id='word_1_229' title='bbox 214 3792 302 3842; x_wconf 91' lang='lat' dir='ltr'>non</span> <span class='ocrx_word' id='word_1_230' title='bbox 318 3763 435 3840; x_wconf 84' lang='lat' dir='ltr'>facile</span> <span class='ocrx_word' id='word_1_231' title='bbox 454 3763 686 3841; x_wconf 88' lang='lat' dir='ltr'>invenirem.</span> <span class='ocrx_word' id='word_1_232' title='bbox 740 3759 909 3840; x_wconf 82' lang='lat' dir='ltr'>Offendi</span> <span class='ocrx_word' id='word_1_233' title='bbox 928 3761 979 3836; x_wconf 87' lang='lat' dir='ltr'>ad</span> <span class='ocrx_word' id='word_1_234' title='bbox 1001 3759 1074 3837; x_wconf 88' lang='lat' dir='ltr'>alia</span> <span class='ocrx_word' id='word_1_235' title='bbox 1090 3787 1210 3862; x_wconf 91' lang='lat' dir='ltr'>prave</span> 
     </span>
     <span class='ocr_line' id='line_1_34' title="bbox 87 3865 1210 3972; baseline -0.004 -28"><span class='ocrx_word' id='word_1_236' title='bbox 87 3885 259 3972; x_wconf 83' lang='lat' dir='ltr'>accepta,</span> <span class='ocrx_word' id='word_1_237' title='bbox 286 3867 397 3945; x_wconf 89' lang='lat' dir='ltr'>male</span> <span class='ocrx_word' id='word_1_238' title='bbox 423 3869 613 3967; x_wconf 86' lang='lat' dir='ltr'>exposita,</span> <span class='ocrx_word' id='word_1_239' title='bbox 642 3879 708 3942; x_wconf 87' lang='lat' dir='ltr'>aut</span> <span class='ocrx_word' id='word_1_240' title='bbox 732 3865 958 3960; x_wconf 86' lang='lat' dir='ltr'>obscurata,</span> <span class='ocrx_word' id='word_1_241' title='bbox 987 3865 1210 3968; x_wconf 90' lang='lat' dir='ltr'>quaemihi</span> 
     </span>
     <span class='ocr_line' id='line_1_35' title="bbox 88 3969 1210 4071; baseline -0.002 -25"><span class='ocrx_word' id='word_1_242' title='bbox 88 3977 170 4050; x_wconf 83' lang='lat' dir='ltr'>satis</span> <span class='ocrx_word' id='word_1_243' title='bbox 183 3973 289 4050; x_wconf 88' lang='lat' dir='ltr'>clara</span> <span class='ocrx_word' id='word_1_244' title='bbox 313 3997 358 4049; x_wconf 88' lang='lat' dir='ltr'>ac</span> <span class='ocrx_word' id='word_1_245' title='bbox 383 3971 592 4071; x_wconf 89' lang='lat' dir='ltr'>perspicua</span> <span class='ocrx_word' id='word_1_246' title='bbox 612 3970 691 4046; x_wconf 93' lang='lat' dir='ltr'>visa</span> <span class='ocrx_word' id='word_1_247' title='bbox 714 3981 844 4060; x_wconf 79' lang='lat' dir='ltr'>erant3</span> <span class='ocrx_word' id='word_1_248' title='bbox 872 3969 922 4042; x_wconf 91' lang='lat' dir='ltr'>ita</span> <span class='ocrx_word' id='word_1_249' title='bbox 945 3981 990 4042; x_wconf 91' lang='lat' dir='ltr'>ut</span> <span class='ocrx_word' id='word_1_250' title='bbox 1006 3969 1210 4044; x_wconf 88' lang='lat' dir='ltr'>interdum</span> 
     </span>
     <span class='ocr_line' id='line_1_36' title="bbox 89 4069 1210 4174; baseline -0.004 -24"><span class='ocrx_word' id='word_1_251' title='bbox 89 4081 299 4174; x_wconf 84' lang='lat' dir='ltr'>nescirem,</span> <span class='ocrx_word' id='word_1_252' title='bbox 328 4077 370 4152; x_wconf 93' lang='lat' dir='ltr'>in</span> <span class='ocrx_word' id='word_1_253' title='bbox 419 4097 510 4148; x_wconf 90' lang='lat' dir='ltr'>uam</span> <span class='ocrx_word' id='word_1_254' title='bbox 530 4086 685 4174; x_wconf 90' lang='lat' dir='ltr'>partem</span> <span class='ocrx_word' id='word_1_255' title='bbox 707 4097 775 4148; x_wconf 91' lang='lat' dir='ltr'>me</span> <span class='ocrx_word' id='word_1_256' title='bbox 792 4083 1012 4164; x_wconf 90' lang='lat' dir='ltr'>verterem;</span> <span class='ocrx_word' id='word_1_257' title='bbox 1040 4069 1210 4146; x_wconf 90' lang='lat' dir='ltr'>illustra-</span> 
     </span>
     <span class='ocr_line' id='line_1_37' title="bbox 90 4101 1209 4276; baseline -0.004 -22"><span class='ocrx_word' id='word_1_258' title='bbox 90 4181 229 4260; x_wconf 88' lang='lat' dir='ltr'>tionem</span> <span class='ocrx_word' id='word_1_259' title='bbox 253 4182 369 4259; x_wconf 91' lang='lat' dir='ltr'>enim</span> <span class='ocrx_word' id='word_1_260' title='bbox 389 4101 497 4252; x_wconf 64' lang='lat' dir='ltr'>llaec</span> <span class='ocrx_word' id='word_1_261' title='bbox 524 4201 545 4252; x_wconf 91' lang='lat' dir='ltr'>a</span> <span class='ocrx_word' id='word_1_262' title='bbox 570 4201 638 4252; x_wconf 91' lang='lat' dir='ltr'>me</span> <span class='ocrx_word' id='word_1_263' title='bbox 657 4172 929 4276; x_wconf 90' lang='lat' dir='ltr'>postulabant,</span> <span class='ocrx_word' id='word_1_264' title='bbox 958 4197 1007 4250; x_wconf 91' lang='lat' dir='ltr'>an</span> <span class='ocrx_word' id='word_1_265' title='bbox 1031 4199 1127 4250; x_wconf 92' lang='lat' dir='ltr'>vero</span> <span class='ocrx_word' id='word_1_266' title='bbox 1152 4199 1209 4273; x_wconf 90' lang='lat' dir='ltr'>ea,</span> 
     </span>
     <span class='ocr_line' id='line_1_38' title="bbox 92 4273 1210 4384; baseline -0.005 -27"><span class='ocrx_word' id='word_1_267' title='bbox 92 4309 176 4384; x_wconf 82' lang='lat' dir='ltr'>qnae</span> <span class='ocrx_word' id='word_1_268' title='bbox 196 4288 334 4364; x_wconf 89' lang='lat' dir='ltr'>minus</span> <span class='ocrx_word' id='word_1_269' title='bbox 359 4281 473 4357; x_wconf 87' lang='lat' dir='ltr'>bene</span> <span class='ocrx_word' id='word_1_270' title='bbox 498 4279 611 4356; x_wconf 90' lang='lat' dir='ltr'>allata</span> <span class='ocrx_word' id='word_1_271' title='bbox 633 4291 762 4372; x_wconf 88' lang='lat' dir='ltr'>erant,</span> <span class='ocrx_word' id='word_1_272' title='bbox 795 4273 1026 4353; x_wconf 87' lang='lat' dir='ltr'>refellerem</span> <span class='ocrx_word' id='word_1_273' title='bbox 1054 4277 1210 4353; x_wconf 89' lang='lat' dir='ltr'>dubita-</span> 
     </span>
     <span class='ocr_line' id='line_1_39' title="bbox 92 4380 1209 4480; baseline -0.007 -16"><span class='ocrx_word' id='word_1_274' title='bbox 92 4385 173 4474; x_wconf 78' lang='lat' dir='ltr'>bam</span> <span class='ocrx_word' id='word_1_275' title='bbox 225 4391 290 4470; x_wconf 79' lang='lat' dir='ltr'>Ab</span> <span class='ocrx_word' id='word_1_276' title='bbox 319 4387 405 4464; x_wconf 90' lang='lat' dir='ltr'>hac</span> <span class='ocrx_word' id='word_1_277' title='bbox 433 4383 540 4460; x_wconf 88' lang='lat' dir='ltr'>enim</span> <span class='ocrx_word' id='word_1_278' title='bbox 564 4381 827 4461; x_wconf 88' lang='lat' dir='ltr'>illiberalitate</span> <span class='ocrx_word' id='word_1_279' title='bbox 857 4380 1047 4458; x_wconf 81' lang='lat' dir='ltr'>intactum</span> <span class='ocrx_word' id='word_1_280' title='bbox 1069 4393 1209 4480; x_wconf 89' lang='lat' dir='ltr'>pectus</span> 
     </span>
    </p>
   </div>
   <div class='ocr_carea' id='block_1_3' title="bbox 0 0 1412 4990">
    <p class='ocr_par' dir='ltr' id='par_1_3' title="bbox 0 0 1412 4990">
     <span class='ocr_line' id='line_1_40' title="bbox 0 0 1412 4990; baseline 0 0"><span class='ocrx_word' id='word_1_281' title='bbox 0 0 1412 4990; x_wconf 95' lang='lat' dir='ltr'> </span> 
     </span>
    </p>
   </div>
  </div>
 </body>
</html>
