2666 4996
138 447 140 457 .
219 383 269 454 66
464 369 504 448 P.
537 371 793 448 VIRGlLll
825 367 1098 445 MARONlS

219 581 260 636 n.
285 560 646 653 Fortunatesenex‚
674 577 769 653 ergo
781 567 950 632 tuarum
962 555 1202 646 manebunt!

218 663 269 739 Et
280 659 350 734 tibi
362 680 501 756 magna
514 660 621 747 satis3
648 656 1223 759 quamvislapisomnianudus

252 831 288 887 48
303 833 341 886 Ex
353 831 404 882 hoc
416 837 444 881 et
457 847 481 881 r.
493 831 529 886 52
542 847 676 898 expressus
693 847 717 886 r.
732 833 762 887 11
783 829 911 898 inEpigr.
936 831 986 886 177
1009 829 1117 882 Anthol.
1130 829 1210 894 lael,
1225 833 1238 884 1
1256 831 1318 880 llaec

220 900 269 954 tibi
280 913 490 971 sempeternus,
509 899 553 950 lu'o
565 901 765 971 interflununa
784 911 853 954 nom
873 909 922 952 etc.
957 903 1054 952 Totum
1072 917 1177 952 carmen
1194 917 1224 951 er
1242 899 1316 966 Virgi-

219 969 294 1022 lisnis
307 967 422 1022 versibus
435 977 477 1019 est
489 978 645 1020 contextum.

219 1115 265 1177 ius
278 1117 338 1176 Ecl.
352 1135 396 1178 vs.
411 1119 462 1180 71.
482 1135 524 1194 sq.
566 1119 680 1176 Tamus
698 1135 754 1176 ou·
795 1117 845 1176 ille
867 1116 963 1195 Tnyn
991 1135 1115 1174 saxosus
1145 1126 1177 1174 et
1196 1117 1317 1195 palustris

219 1201 456 1262 temsubmium
471 1199 585 1261 dictum
608 1203 679 1260 volo
699 1221 754 1282 pro
797 1203 850 1278 sit;
880 1209 986 1260 autur
1006 1201 1316 1279 inter-'aliemsurgros

219 1287 340 1346 douram
352 1299 461 1360 tauros,
472 1307 511 1345 sc.
519 1296 554 1346 ut
563 1287 664 1364 iugum
677 1289 755 1346 serre
797 1307 917 1346 saxosos
942 1296 973 1344 et
992 1288 1139 1365 palustres
1160 1285 1316 1365 pascuali-

220 1373 345 1432 discant.
378 1372 432 1432 cui
448 1373 637 1452 explicationi
653 1374 755 1433 favent
798 1381 884 1453 tyrus
899 1371 1008 1430 brbest
1031 1373 1102 1430 setis
1116 1373 1196 1430 bonu
1211 1382 1240 1430 et
1255 1371 1316 1428 tole-

220 1477 271 1533 es,
303 1475 378 1536 quse
399 1457 539 1536 legiurtur
561 1457 641 1536 opud
662 1457 755 1516 llutil.
797 1457 911 1518 rabilis.
953 1457 1019 1516 Hoc
1034 1459 1210 1538 praeferam,
1231 1467 1263 1515 ut
1276 1476 1316 1514 ne

221 1543 320 1602 ltiner.
335 1543 357 1618 1,
375 1541 459 1606 142:
475 1543 680 1621 „submittent
691 1551 756 1602 tre-
797 1545 925 1623 glectunr
947 1544 1082 1602 culturae
1104 1561 1242 1622 agrorum
1252 1543 1316 1600 colo-

220 1628 284 1708 pidi
307 1625 423 1706 perfido
452 1625 527 1685 colla
546 1629 672 1688 Getae.“
714 1629 756 1686 De
797 1631 843 1690 nis
859 1630 918 1688 suis
931 1637 1102 1708 ereptorum
1117 1647 1212 1688 seres
1223 1635 1315 1705 arguet.

221 1712 386 1792 supplendo
406 1714 529 1790 gregesi
549 1715 655 1793 capies,
677 1713 756 1788 vide,
798 1716 915 1773 Scilicet
938 1713 1021 1772 haud
1047 1713 1137 1773 dubie
1164 1713 1238 1773 haec
1255 1715 1316 1770 diets

220 1817 259 1856 ne
271 1797 428 1856 dicendruu
438 1799 527 1857 luerit
538 1802 675 1860 irwencos
686 1799 757 1857 suh-
798 1809 869 1859 sunt
884 1819 951 1858 curn
962 1810 1101 1878 respectu
1112 1801 1249 1858 fortunae
1259 1800 1316 1856 isto·

220 1885 346 1956 mutere,
368 1899 430 1941 non
444 1895 543 1942 lauros
552 1908 563 1956 ;
586 1885 666 1943 tauri
680 1886 758 1944 enirn
799 1905 868 1945 rum
887 1895 1065 1963 temporum.
1109 1886 1258 1944 Prioribus
1274 1883 1316 1940 do·

220 1967 398 2044 insedisti,
419 1987 481 2027 non
494 1970 687 2029 submittendi
702 1971 758 2050 igi-
799 1971 886 2029 minis
896 1971 1062 2050 ereptissgri
1074 1991 1091 2026 u
1101 1971 1248 2030 veteranis
1258 1967 1317 2026 mole

221 2061 289 2127 tur,
312 2053 435 2112 sedium
452 2054 594 2114 submissi.
641 2057 759 2117 Ventos
801 2056 874 2114 culti
899 2057 1031 2114 sentibus
1046 2055 1225 2129 horrebant,
1250 2055 1316 2112 lacu-

223 2135 388 2196 submittere
402 2139 454 2197 Ge.
465 2139 514 2214 ΠΙ,
539 2141 608 2204 159.
632 2139 714 2223 Wr.)
800 2143 845 2200 nis
867 2149 898 2198 et
910 2141 1070 2220 paludibus
1090 2149 1179 2199 erant
1201 2138 1316 2198 obducti:

263 2219 314 2286 47.
336 2225 419 2300 Er510
439 2236 493 2281 tua
509 2245 580 2282 mro
600 2225 759 2284 mustum
799 2226 831 2285 ld
845 2227 927 2304 quod
946 2227 1042 2286 multo
1064 2227 1156 2305 magis
1177 2227 1219 2284 ite
1238 2223 1317 2282 sebs-

220 2306 290 2381 fibi,
318 2327 380 2368 non
392 2309 570 2388 eripientur,
598 2323 625 2368 et
641 2331 675 2368 ea
690 2311 758 2388 qm·-
798 2311 869 2371 bere
887 2309 991 2372 debuit
1005 2313 1036 2370 in
1051 2313 1127 2389 agris
1143 2312 1185 2369 ed
1198 2311 1316 2370 Minium

222 2391 376 2452 dementis
394 2415 524 2472 mgna,
555 2395 594 2453 ed
609 2395 757 2476 poscenda
799 2397 829 2456 ss.
853 2397 930 2472 sitis,
962 2398 1045 2456 euius
1065 2406 1096 2468 et
1109 2397 1317 2476 s‘tagnstioneet

221 2487 365 2538 armento.
409 2476 517 2560 (verba
535 2492 589 2538 tua
604 2503 673 2539 mro
687 2502 757 2538 ma-
797 2482 945 2559 srequenti
982 2481 1187 2542 exundatione
1215 2479 1317 2562 paludes

219 2561 513 2644 nebuntexplicends
529 2583 567 2624 ex
581 2566 709 2625 sormuls
724 2566 757 2624 in
795 2567 880 2626 facile
906 2567 1031 2626 existere
1056 2577 1214 2647 poterent3
1249 2570 1317 2623 erent

219 2647 336 2706 iudiciis
347 2649 494 2708 sollemni:
508 2664 665 2712 numere.
687 2651 756 2711 vid.
797 2661 898 2712 sutem
907 2651 1038 2712 Maronis
1058 2653 1152 2731 egris
1172 2654 1246 2712 cliro
1262 2647 1316 2708 inde

220 2731 347 2792 Brisson.
372 2733 409 2792 de
426 2734 525 2795 Form.
541 2745 571 2793 et
589 2736 703 2795 Soll.·P.
719 2737 755 2795 li.
798 2737 880 2796 collis
892 2737 931 2796 sd
945 2757 1012 2797 eum
1026 2737 1155 2797 fluvium
1172 2739 1237 2812 siti,
1265 2733 1317 2812 qu'r

219 2815 324 2876 Verbis
336 2818 356 2877 l
367 2817 402 2880 V.
416 2816 448 2898 ᾗ.
466 2824 514 2884 19.
542 2820 591 2878 Sio
602 2821 680 2880 inire
694 2821 755 2880 Eol.
796 2823 853 2882 bus
869 2823 1003 2882 ediscere
1020 2823 1152 2882 debuere
1170 2824 1219 2883 elii
1233 2821 1320 2880 sodon¹

220 2901 279 2978 lx,
302 2901 348 2965 4.:
370 2904 476 2978 „Haec
491 2925 573 2964 mea
594 2917 679 2970 sunt:
700 2923 756 2966 ve-
797 2907 857 2966 situ
879 2908 1040 2986 eodemque
1062 2908 1247 2968 conditione:
1270 2903 1316 2962 Ed.

219 2993 298 3045 teres
312 2987 436 3066 migrate
449 2989 586 3048 coloni!“
614 2992 756 3050 etesium
796 2993 854 3067 IX,
877 2997 906 3057 7.
924 2993 978 3068 Vl,
1003 2997 1052 3056 12.
1074 2995 1127 3052 Ge.
1144 2995 1199 3068 ΠΙ,
1223 2987 1316 3054 1115.

219 3069 281 3129 Ecl.
297 3070 352 3146 111,
385 3077 435 3136 23.
456 3073 535 3133 Hinc
549 3077 668 3154 gravius
681 3097 756 3157 pro-
797 3077 832 3152 Π,
858 3081 1011 3142 198.199.
1033 3077 1161 3154 Aenll,
1183 3077 1316 3142 205101

219 3155 423 3216 nunciandum
432 3177 596 3237 pronomen
611 3173 673 3234 tua,
695 3181 757 3220 non
798 3163 885 3222 Nunc
905 3161 996 3242 igitur
1014 3163 1178 3223 Meliboeus
1198 3163 1283 3243 pergit
1295 3177 1317 3214 v·

219 3236 346 3299 i'erburn
361 3242 526 3304 mmebmrt.
552 3244 635 3328 Wr.)
672 3247 757 3320 Quse
799 3247 1020 3328 50oousporsre
1035 3269 1119 3309 susm
1127 3249 1317 3308 celsnsitstrmt

220 3334 405 3402 sequuntur,
427 3329 509 3388 varie
530 3330 698 3410 interpungi
727 3339 757 3390 et
798 3351 881 3406 eum,
903 3333 1017 3412 inquit,
1047 3336 1159 3394 smeis
1183 3334 1255 3414 egris
1269 3330 1317 3388 dis-

219 3409 328 3490 exponi
351 3422 485 3490 possunt.
529 3413 591 3474 Aut
614 3425 651 3475 ut
677 3437 757 3476 nove
798 3417 964 3476 cedendum
988 3418 1062 3478 milri
1085 3420 1137 3479 sit:
1180 3435 1269 3497 neque
1288 3431 1317 3470 ΕΙ

218 3495 366 3554 sententis
379 3495 448 3556 fist:
474 3499 619 3576 Quamvis
639 3533 680 3548 -
703 3501 756 3559 ob-
796 3511 887 3582 psrtu
900 3503 975 3566 mele
989 3504 1107 3564 effectus
1122 3506 1316 3584 cupellssron-

218 3581 310 3640 duoat
324 3601 443 3658 pascuo
462 3586 568 3642 iunco:
596 3588 669 3644 Non
693 3583 755 3667 (ts-
796 3587 933 3647 veniente
948 3590 1058 3670 pabulo
1071 3590 1208 3666 reficere,
1229 3603 1316 3662 nequ.

218 3663 299 3750 men)
317 3669 433 3726 inusto
449 3687 484 3746 g.
510 3665 754 3750 (ltaWekelield.
797 3693 865 3734 cum
877 3673 950 3742 milri
969 3675 1052 3751 illae,
1084 3695 1142 3753 qus
1162 3695 1226 3734 sors
1240 3671 1315 3733 dabit.

218 3751 270 3830 qui
292 3769 408 3810 comme
434 3761 504 3832 post
532 3757 619 3814 ium
644 3759 754 3834 posuit.
796 3749 1005 3836 egendse'sint,
1018 3759 1089 3820 setis
1099 3761 1316 3836 oeroreiispos·

224 3833 307 3917 Wr.)
345 3845 398 3895 sut
420 3847 457 3896 ut
480 3855 548 3897 cuns
563 3840 754 3900 antecedenti
796 3863 870 3919 sum,
883 3845 964 3926 nein
979 3865 1079 3926 greges
1091 3847 1235 3924 contagio,
1249 3837 1315 3920 quod

216 3917 336 3998 iunges:
377 3933 406 3979 et
433 3921 489 3982 obt
517 3943 633 4002 magne
666 3930 751 4001 satis,
794 3947 825 3988 r.
840 3931 878 3994 51
897 3931 1012 3989 malum
1027 3931 1058 3990 h.
1069 3933 1194 3992 noxium
1213 3927 1314 3992 dicitu,

217 4007 355 4080 quamvis
377 4007 514 4082 lopis-
537 4011 634 4067 ἰιιηοο.
679 4011 754 4070 Non
794 4023 907 4090 tactos,
930 4017 1027 4076 autin
1041 4018 1261 4094 insertassepts
1276 4013 1314 4068 in·

216 4090 262 4160 ιζ,
286 4096 323 4146 ut
336 4089 375 4148 sit
385 4109 502 4153 sensus:
522 4093 681 4152 maehum
698 4107 752 4154 tua
794 4097 903 4158 eident.
945 4101 994 4160 sic
1013 4103 1103 4160 etism
1122 4104 1154 4162 in
1167 4121 1229 4179 sqq.
1245 4097 1315 4157 istius

213 4191 341 4248 pascuo,
354 4178 427 4232 satu
436 4175 622 4256 adstringite,
641 4201 751 4257 quam-
792 4194 904 4242 sortem
917 4205 985 4244 curn
998 4207 1052 4246 sus
1064 4195 1225 4267 comperet.
1246 4182 1314 4262 (Vir-

215 4258 262 4314 νὺ
284 4255 365 4334 lapte
388 4271 416 4318 et
431 4263 527 4338 palus
544 4267 643 4321 onusto
656 4263 750 4322 obdu-
791 4268 915 4346 gilium
928 4289 996 4348 eger
1011 4272 1199 4348 describitur,
1220 4267 1313 4350 partin

214 4351 275 4398 eat.
334 4339 397 4400 lm
429 4341 488 4403 hoc
514 4345 625 4425 dupliu'
650 4358 750 4428 potest
791 4353 831 4410 sd
850 4355 965 4414 radices
987 4359 1136 4418 montium
1155 4369 1314 4416 suesorum

213 4421 305 4482 modo
327 4421 441 4486 dicum
461 4447 535 4504 esse,
563 4441 616 4491 sut
633 4443 669 4492 ut
679 4453 750 4513 eger
790 4446 821 4495 et
841 4439 915 4499 silve
936 4449 1088 4502 tectorum
1107 4444 1196 4516 situs,
1217 4437 1313 4520 parlim
