<?xml version="1.0" encoding="UTF-8"?>
<!DOCTYPE html PUBLIC "-//W3C//DTD XHTML 1.0 Transitional//EN"
    "http://www.w3.org/TR/xhtml1/DTD/xhtml1-transitional.dtd">
<html xmlns="http://www.w3.org/1999/xhtml" xml:lang="en" lang="en">
 <head>
  <title>
</title>
<meta http-equiv="Content-Type" content="text/html;charset=utf-8" />
  <meta name='ocr-system' content='tesseract 3.04.00' />
  <meta name='ocr-capabilities' content='ocr_page ocr_carea ocr_par ocr_line ocrx_word'/>
</head>
<body>
  <div class='ocr_page' id='page_1' title='image "./publiusvirgiliu00virggoog/publiusvirgiliu00virggoog_0080.png"; bbox 0 0 2784 4988; ppageno 0'>
   <div class='ocr_carea' id='block_1_1' title="bbox 192 335 1202 478">
    <p class='ocr_par' dir='ltr' id='par_1_1' title="bbox 192 335 1202 478">
     <span class='ocr_line' id='line_1_1' title="bbox 192 335 1202 478; baseline -0.001 -13"><span class='ocrx_word' id='word_1_1' title='bbox 192 385 539 465; x_wconf 69' lang='lat' dir='ltr'>inaurasse</span> <span class='ocrx_word' id='word_1_2' title='bbox 577 387 842 463; x_wconf 79' lang='lat' dir='ltr'>rnnrran</span> <span class='ocrx_word' id='word_1_3' title='bbox 875 335 1031 465; x_wconf 76' lang='lat' dir='ltr'>enm.</span> <span class='ocrx_word' id='word_1_4' title='bbox 1075 411 1202 478; x_wconf 64' lang='lat' dir='ltr'>amu</span> 
     </span>
    </p>
   </div>
   <div class='ocr_carea' id='block_1_2' title="bbox 80 572 1234 1408">
    <p class='ocr_par' dir='ltr' id='par_1_2' title="bbox 80 572 1234 1408">
     <span class='ocr_line' id='line_1_2' title="bbox 91 572 1202 680; baseline 0.002 -28"><span class='ocrx_word' id='word_1_5' title='bbox 91 599 285 674; x_wconf 72' lang='lat' dir='ltr'>cesseram,</span> <span class='ocrx_word' id='word_1_6' title='bbox 324 572 440 676; x_wconf 91' lang='lat' dir='ltr'>quod</span> <span class='ocrx_word' id='word_1_7' title='bbox 465 585 605 674; x_wconf 87' lang='lat' dir='ltr'>postea</span> <span class='ocrx_word' id='word_1_8' title='bbox 619 586 811 680; x_wconf 89' lang='lat' dir='ltr'>sequutus</span> <span class='ocrx_word' id='word_1_9' title='bbox 830 597 930 654; x_wconf 89' lang='lat' dir='ltr'>sum.</span> <span class='ocrx_word' id='word_1_10' title='bbox 982 580 1083 654; x_wconf 89' lang='lat' dir='ltr'>Nam</span> <span class='ocrx_word' id='word_1_11' title='bbox 1098 602 1202 676; x_wconf 89' lang='lat' dir='ltr'>cum,</span> 
     </span>
     <span class='ocr_line' id='line_1_3' title="bbox 89 691 1203 794; baseline 0.002 -22"><span class='ocrx_word' id='word_1_12' title='bbox 89 709 168 772; x_wconf 83' lang='lat' dir='ltr'>ante</span> <span class='ocrx_word' id='word_1_13' title='bbox 193 719 318 772; x_wconf 82' lang='lat' dir='ltr'>annos</span> <span class='ocrx_word' id='word_1_14' title='bbox 337 693 417 772; x_wconf 92' lang='lat' dir='ltr'>hos</span> <span class='ocrx_word' id='word_1_15' title='bbox 443 691 531 772; x_wconf 86' lang='lat' dir='ltr'>fere</span> <span class='ocrx_word' id='word_1_16' title='bbox 553 699 704 792; x_wconf 85' lang='lat' dir='ltr'>XXXV,</span> <span class='ocrx_word' id='word_1_17' title='bbox 728 719 751 770; x_wconf 91' lang='lat' dir='ltr'>a</span> <span class='ocrx_word' id='word_1_18' title='bbox 771 692 951 794; x_wconf 89' lang='lat' dir='ltr'>librario,</span> <span class='ocrx_word' id='word_1_19' title='bbox 991 695 1141 775; x_wconf 81' lang='lat' dir='ltr'>sollerti</span> <span class='ocrx_word' id='word_1_20' title='bbox 1163 711 1203 776; x_wconf 90' lang='lat' dir='ltr'>et</span> 
     </span>
     <span class='ocr_line' id='line_1_4' title="bbox 85 799 1202 918; baseline 0.004 -26"><span class='ocrx_word' id='word_1_21' title='bbox 85 816 244 892; x_wconf 83' lang='lat' dir='ltr'>honesto</span> <span class='ocrx_word' id='word_1_22' title='bbox 269 818 377 914; x_wconf 86' lang='lat' dir='ltr'>viro,</span> <span class='ocrx_word' id='word_1_23' title='bbox 413 827 689 918; x_wconf 80' lang='lat' dir='ltr'>quaereretur,</span> <span class='ocrx_word' id='word_1_24' title='bbox 719 815 789 918; x_wconf 89' lang='lat' dir='ltr'>qui</span> <span class='ocrx_word' id='word_1_25' title='bbox 812 815 1031 894; x_wconf 81' lang='lat' dir='ltr'>editionem</span> <span class='ocrx_word' id='word_1_26' title='bbox 1050 799 1202 918; x_wconf 87' lang='lat' dir='ltr'>Virgilii</span> 
     </span>
     <span class='ocr_line' id='line_1_5' title="bbox 85 923 1203 1038; baseline 0.004 -26"><span class='ocrx_word' id='word_1_27' title='bbox 85 937 177 1013; x_wconf 87' lang='lat' dir='ltr'>notis</span> <span class='ocrx_word' id='word_1_28' title='bbox 190 936 364 1014; x_wconf 83' lang='lat' dir='ltr'>selectis</span> <span class='ocrx_word' id='word_1_29' title='bbox 392 947 434 1013; x_wconf 92' lang='lat' dir='ltr'>et</span> <span class='ocrx_word' id='word_1_30' title='bbox 463 935 653 1038; x_wconf 79' lang='lat' dir='ltr'>excerptis</span> <span class='ocrx_word' id='word_1_31' title='bbox 682 935 879 1038; x_wconf 92' lang='lat' dir='ltr'>novisque</span> <span class='ocrx_word' id='word_1_32' title='bbox 905 923 1111 1016; x_wconf 90' lang='lat' dir='ltr'><strong>nonnullis</strong></span> <span class='ocrx_word' id='word_1_33' title='bbox 1133 939 1203 1016; x_wconf 91' lang='lat' dir='ltr'>ad-</span> 
     </span>
     <span class='ocr_line' id='line_1_6' title="bbox 84 1057 1202 1160; baseline 0.004 -28"><span class='ocrx_word' id='word_1_34' title='bbox 84 1057 215 1160; x_wconf 86' lang='lat' dir='ltr'>spersis</span> <span class='ocrx_word' id='word_1_35' title='bbox 251 1059 513 1154; x_wconf 77' lang='lat' dir='ltr'><strong>instructam,</strong></span> <span class='ocrx_word' id='word_1_36' title='bbox 565 1057 679 1134; x_wconf 89' lang='lat' dir='ltr'>cuius·</span> <span class='ocrx_word' id='word_1_37' title='bbox 708 1058 865 1154; x_wconf 84' lang='lat' dir='ltr'>generis</span> <span class='ocrx_word' id='word_1_38' title='bbox 897 1057 1091 1138; x_wconf 84' lang='lat' dir='ltr'>editiones</span> <span class='ocrx_word' id='word_1_39' title='bbox 1130 1061 1202 1136; x_wconf 91' lang='lat' dir='ltr'>ista</span> 
     </span>
     <span class='ocr_line' id='line_1_7' title="bbox 83 1176 1204 1279; baseline 0.004 -23"><span class='ocrx_word' id='word_1_40' title='bbox 83 1192 197 1256; x_wconf 85' lang='lat' dir='ltr'>aetate</span> <span class='ocrx_word' id='word_1_41' title='bbox 213 1179 257 1254; x_wconf 93' lang='lat' dir='ltr'>in</span> <span class='ocrx_word' id='word_1_42' title='bbox 273 1201 419 1277; x_wconf 89' lang='lat' dir='ltr'>magna</span> <span class='ocrx_word' id='word_1_43' title='bbox 436 1177 722 1256; x_wconf 79' lang='lat' dir='ltr'>existimatione</span> <span class='ocrx_word' id='word_1_44' title='bbox 734 1176 1004 1279; x_wconf 73' lang='lat' dir='ltr'>habebantur,</span> <span class='ocrx_word' id='word_1_45' title='bbox 1033 1195 1204 1260; x_wconf 84' lang='lat' dir='ltr'>curaret:</span> 
     </span>
     <span class='ocr_line' id='line_1_8' title="bbox 80 1297 1234 1408; baseline 0.001 -32"><span class='ocrx_word' id='word_1_46' title='bbox 80 1301 275 1376; x_wconf 86' lang='lat' dir='ltr'>Emestius</span> <span class='ocrx_word' id='word_1_47' title='bbox 297 1300 508 1398; x_wconf 88' lang='lat' dir='ltr'>negotium</span> <span class='ocrx_word' id='word_1_48' title='bbox 523 1297 625 1374; x_wconf 92' lang='lat' dir='ltr'>mihi</span> <span class='ocrx_word' id='word_1_49' title='bbox 648 1299 911 1399; x_wconf 88' lang='lat' dir='ltr'>imposuerat;</span> <span class='ocrx_word' id='word_1_50' title='bbox 938 1301 1053 1385; x_wconf 45' lang='lat' dir='ltr'>cuius.</span> <span class='ocrx_word' id='word_1_51' title='bbox 1067 1315 1204 1378; x_wconf 90' lang='lat' dir='ltr'>aucto-</span> <span class='ocrx_word' id='word_1_52' title='bbox 1229 1403 1234 1408; x_wconf 23' lang='grc' dir='ltr'>Ι</span> 
     </span>
    </p>
   </div>
   <div class='ocr_carea' id='block_1_3' title="bbox 82 1411 1366 1522">
    <p class='ocr_par' dir='ltr' id='par_1_3' title="bbox 82 1411 1366 1522">
     <span class='ocr_line' id='line_1_9' title="bbox 82 1411 1366 1522; baseline 0 -26"><span class='ocrx_word' id='word_1_53' title='bbox 82 1422 186 1498; x_wconf 84' lang='lat' dir='ltr'>ritate</span> <span class='ocrx_word' id='word_1_54' title='bbox 206 1434 249 1498; x_wconf 91' lang='lat' dir='ltr'>et</span> <span class='ocrx_word' id='word_1_55' title='bbox 265 1411 434 1497; x_wconf 90' lang='lat' dir='ltr'>consilio</span> <span class='ocrx_word' id='word_1_56' title='bbox 449 1421 574 1498; x_wconf 87' lang='lat' dir='ltr'>victus</span> <span class='ocrx_word' id='word_1_57' title='bbox 589 1417 690 1496; x_wconf 93' lang='lat' dir='ltr'>illud</span> <span class='ocrx_word' id='word_1_58' title='bbox 707 1419 832 1504; x_wconf 88' lang='lat' dir='ltr'>inme</span> <span class='ocrx_word' id='word_1_59' title='bbox 846 1422 999 1522; x_wconf 78' lang='lat' dir='ltr'>recepi,</span> <span class='ocrx_word' id='word_1_60' title='bbox 1027 1423 1099 1496; x_wconf 90' lang='lat' dir='ltr'>etsi</span> <span class='ocrx_word' id='word_1_61' title='bbox 1116 1434 1204 1497; x_wconf 92' lang='lat' dir='ltr'>tum</span> <span class='ocrx_word' id='word_1_62' title='bbox 1336 1415 1339 1420; x_wconf 54' lang='lat'>‘</span> <span class='ocrx_word' id='word_1_63' title='bbox 1364 1501 1366 1508; x_wconf 57' lang='grc'><strong><em>,</em></strong></span> 
     </span>
    </p>
   </div>
   <div class='ocr_carea' id='block_1_4' title="bbox 80 1538 1322 2732">
    <p class='ocr_par' dir='ltr' id='par_1_4' title="bbox 80 1538 1322 2732">
     <span class='ocr_line' id='line_1_10' title="bbox 82 1538 1204 1640; baseline 0.003 -24"><span class='ocrx_word' id='word_1_64' title='bbox 82 1566 214 1618; x_wconf 86' lang='lat' dir='ltr'>recens</span> <span class='ocrx_word' id='word_1_65' title='bbox 235 1541 369 1618; x_wconf 90' lang='lat' dir='ltr'>adhuc</span> <span class='ocrx_word' id='word_1_66' title='bbox 400 1542 442 1617; x_wconf 94' lang='lat' dir='ltr'>in</span> <span class='ocrx_word' id='word_1_67' title='bbox 467 1538 793 1620; x_wconf 83' lang='lat' dir='ltr'>hoclitterarum</span> <span class='ocrx_word' id='word_1_68' title='bbox 823 1564 991 1640; x_wconf 91' lang='lat' dir='ltr'>genere,</span> <span class='ocrx_word' id='word_1_69' title='bbox 1025 1565 1101 1618; x_wconf 89' lang='lat' dir='ltr'>nec</span> <span class='ocrx_word' id='word_1_70' title='bbox 1130 1541 1204 1620; x_wconf 90' lang='lat' dir='ltr'>nisi</span> 
     </span>
     <span class='ocr_line' id='line_1_11' title="bbox 81 1651 1204 1765; baseline 0 -25"><span class='ocrx_word' id='word_1_71' title='bbox 81 1689 204 1765; x_wconf 87' lang='lat' dir='ltr'>nuper</span> <span class='ocrx_word' id='word_1_72' title='bbox 234 1651 467 1741; x_wconf 87' lang='lat' dir='ltr'>academico</span> <span class='ocrx_word' id='word_1_73' title='bbox 498 1661 659 1741; x_wconf 89' lang='lat' dir='ltr'>muneri</span> <span class='ocrx_word' id='word_1_74' title='bbox 689 1659 901 1760; x_wconf 87' lang='lat' dir='ltr'>admotus,</span> <span class='ocrx_word' id='word_1_75' title='bbox 939 1663 1023 1762; x_wconf 90' lang='lat' dir='ltr'>cui,</span> <span class='ocrx_word' id='word_1_76' title='bbox 1055 1663 1204 1740; x_wconf 90' lang='lat' dir='ltr'>viribus</span> 
     </span>
     <span class='ocr_line' id='line_1_12' title="bbox 81 1779 1205 1889; baseline 0.001 -29"><span class='ocrx_word' id='word_1_77' title='bbox 81 1785 254 1886; x_wconf 88' lang='lat' dir='ltr'>corporis</span> <span class='ocrx_word' id='word_1_78' title='bbox 282 1779 513 1889; x_wconf 82' lang='lat' dir='ltr'>ingeniique</span> <span class='ocrx_word' id='word_1_79' title='bbox 546 1779 665 1880; x_wconf 91' lang='lat' dir='ltr'>longa</span> <span class='ocrx_word' id='word_1_80' title='bbox 694 1781 985 1886; x_wconf 84' lang='lat' dir='ltr'>multiplicique</span> <span class='ocrx_word' id='word_1_81' title='bbox 1013 1809 1205 1862; x_wconf 90' lang='lat' dir='ltr'>aerumna</span> 
     </span>
     <span class='ocr_line' id='line_1_13' title="bbox 81 1903 1307 2005; baseline 0.002 -23"><span class='ocrx_word' id='word_1_82' title='bbox 81 1903 223 2004; x_wconf 76' lang='lat' dir='ltr'>fractis,</span> <span class='ocrx_word' id='word_1_83' title='bbox 260 1903 449 1981; x_wconf 93' lang='lat' dir='ltr'>nondum</span> <span class='ocrx_word' id='word_1_84' title='bbox 466 1927 605 2005; x_wconf 91' lang='lat' dir='ltr'>parem</span> <span class='ocrx_word' id='word_1_85' title='bbox 623 1927 692 1979; x_wconf 88' lang='lat' dir='ltr'>me</span> <span class='ocrx_word' id='word_1_86' title='bbox 715 1927 800 1980; x_wconf 86' lang='lat' dir='ltr'>esse</span> <span class='ocrx_word' id='word_1_87' title='bbox 814 1904 1046 1984; x_wconf 89' lang='lat' dir='ltr'>sentiebam.</span> <span class='ocrx_word' id='word_1_88' title='bbox 1100 1909 1204 1984; x_wconf 89' lang='lat' dir='ltr'>Cum</span> <span class='ocrx_word' id='word_1_89' title='bbox 1304 1905 1307 1910; x_wconf 16' lang='grc' dir='ltr'><strong>Δ</strong></span> 
     </span>
     <span class='ocr_line' id='line_1_14' title="bbox 83 2015 1322 2128; baseline 0.002 -26"><span class='ocrx_word' id='word_1_90' title='bbox 83 2027 145 2124; x_wconf 84' lang='lat' dir='ltr'>ita,</span> <span class='ocrx_word' id='word_1_91' title='bbox 171 2025 380 2102; x_wconf 78' lang='lat' dir='ltr'>voluntate</span> <span class='ocrx_word' id='word_1_92' title='bbox 402 2049 487 2102; x_wconf 94' lang='lat' dir='ltr'>non</span> <span class='ocrx_word' id='word_1_93' title='bbox 507 2025 597 2100; x_wconf 88' lang='lat' dir='ltr'>satis</span> <span class='ocrx_word' id='word_1_94' title='bbox 617 2023 802 2125; x_wconf 91' lang='lat' dir='ltr'>proclivi,</span> <span class='ocrx_word' id='word_1_95' title='bbox 826 2025 1203 2128; x_wconf 82' lang='lat' dir='ltr'>remsuscepissem,</span> <span class='ocrx_word' id='word_1_96' title='bbox 1311 2015 1322 2025; x_wconf 56' lang='lat'><em>⁴</em></span> 
     </span>
     <span class='ocr_line' id='line_1_15' title="bbox 81 2143 1243 2250; baseline 0.003 -28"><span class='ocrx_word' id='word_1_97' title='bbox 81 2145 251 2223; x_wconf 87' lang='lat' dir='ltr'>studium</span> <span class='ocrx_word' id='word_1_98' title='bbox 266 2169 587 2249; x_wconf 83' lang='lat' dir='ltr'>quoquemeum</span> <span class='ocrx_word' id='word_1_99' title='bbox 601 2143 1063 2244; x_wconf 89' lang='lat' dir='ltr'>retundebaturiudicio,</span> <span class='ocrx_word' id='word_1_100' title='bbox 1092 2149 1205 2250; x_wconf 90' lang='lat' dir='ltr'>quod</span> <span class='ocrx_word' id='word_1_101' title='bbox 1235 2153 1243 2172; x_wconf 88' lang='lat'>&#39;</span> 
     </span>
     <span class='ocr_line' id='line_1_16' title="bbox 82 2263 1204 2376; baseline 0.002 -32"><span class='ocrx_word' id='word_1_102' title='bbox 82 2267 128 2344; x_wconf 88' lang='lat' dir='ltr'>de</span> <span class='ocrx_word' id='word_1_103' title='bbox 142 2268 211 2344; x_wconf 95' lang='lat' dir='ltr'>illo</span> <span class='ocrx_word' id='word_1_104' title='bbox 229 2289 383 2367; x_wconf 84' lang='lat' dir='ltr'>genere</span> <span class='ocrx_word' id='word_1_105' title='bbox 399 2264 586 2344; x_wconf 86' lang='lat' dir='ltr'>notarum</span> <span class='ocrx_word' id='word_1_106' title='bbox 607 2263 815 2376; x_wconf 82' lang='lat' dir='ltr'>fovebam3</span> <span class='ocrx_word' id='word_1_107' title='bbox 843 2269 993 2346; x_wconf 87' lang='lat' dir='ltr'>etenim</span> <span class='ocrx_word' id='word_1_108' title='bbox 1013 2267 1063 2344; x_wconf 94' lang='lat' dir='ltr'>ad</span> <span class='ocrx_word' id='word_1_109' title='bbox 1080 2269 1204 2346; x_wconf 90' lang='lat' dir='ltr'>subti-</span> 
     </span>
     <span class='ocr_line' id='line_1_17' title="bbox 80 2385 1205 2488; baseline 0.003 -25"><span class='ocrx_word' id='word_1_110' title='bbox 80 2388 156 2465; x_wconf 85' lang='lat' dir='ltr'>lem</span> <span class='ocrx_word' id='word_1_111' title='bbox 175 2387 426 2488; x_wconf 82' lang='lat' dir='ltr'>diligentiam</span> <span class='ocrx_word' id='word_1_112' title='bbox 444 2385 545 2464; x_wconf 90' lang='lat' dir='ltr'>illud</span> <span class='ocrx_word' id='word_1_113' title='bbox 566 2387 629 2462; x_wconf 85' lang='lat' dir='ltr'>vix</span> <span class='ocrx_word' id='word_1_114' title='bbox 650 2385 849 2465; x_wconf 89' lang='lat' dir='ltr'>adducere</span> <span class='ocrx_word' id='word_1_115' title='bbox 865 2413 939 2466; x_wconf 92' lang='lat' dir='ltr'>seu</span> <span class='ocrx_word' id='word_1_116' title='bbox 956 2404 1205 2467; x_wconf 89' lang='lat' dir='ltr'>commenta-</span> 
     </span>
     <span class='ocr_line' id='line_1_18' title="bbox 82 2507 1286 2614; baseline 0 -28"><span class='ocrx_word' id='word_1_117' title='bbox 82 2523 205 2586; x_wconf 89' lang='lat' dir='ltr'>torem</span> <span class='ocrx_word' id='word_1_118' title='bbox 229 2534 305 2586; x_wconf 90' lang='lat' dir='ltr'>seu</span> <span class='ocrx_word' id='word_1_119' title='bbox 329 2507 527 2586; x_wconf 91' lang='lat' dir='ltr'>lectorem</span> <span class='ocrx_word' id='word_1_120' title='bbox 552 2532 671 2610; x_wconf 90' lang='lat' dir='ltr'>posse</span> <span class='ocrx_word' id='word_1_121' title='bbox 698 2507 925 2607; x_wconf 82' lang='lat' dir='ltr'>videbatur,</span> <span class='ocrx_word' id='word_1_122' title='bbox 969 2521 1205 2614; x_wconf 89' lang='lat' dir='ltr'>contentum</span> <span class='ocrx_word' id='word_1_123' title='bbox 1285 2583 1286 2586; x_wconf 47' lang='lat'>.</span> 
     </span>
     <span class='ocr_line' id='line_1_19' title="bbox 80 2628 1206 2732; baseline 0.002 -28"><span class='ocrx_word' id='word_1_124' title='bbox 80 2643 295 2732; x_wconf 86' lang='lat' dir='ltr'>utrumque</span> <span class='ocrx_word' id='word_1_125' title='bbox 320 2629 367 2704; x_wconf 92' lang='lat' dir='ltr'>iis</span> <span class='ocrx_word' id='word_1_126' title='bbox 392 2629 533 2730; x_wconf 92' lang='lat' dir='ltr'>copiis,</span> <span class='ocrx_word' id='word_1_127' title='bbox 568 2654 670 2732; x_wconf 92' lang='lat' dir='ltr'>quae</span> <span class='ocrx_word' id='word_1_128' title='bbox 697 2628 747 2706; x_wconf 92' lang='lat' dir='ltr'>ad</span> <span class='ocrx_word' id='word_1_129' title='bbox 763 2654 930 2706; x_wconf 89' lang='lat' dir='ltr'>manum</span> <span class='ocrx_word' id='word_1_130' title='bbox 955 2643 1103 2727; x_wconf 85' lang='lat' dir='ltr'>essent,</span> <span class='ocrx_word' id='word_1_131' title='bbox 1129 2655 1206 2706; x_wconf 91' lang='lat' dir='ltr'>nec</span> 
     </span>
    </p>
   </div>
   <div class='ocr_carea' id='block_1_5' title="bbox 81 2711 1380 2974">
    <p class='ocr_par' dir='ltr' id='par_1_5' title="bbox 81 2711 1380 2974">
     <span class='ocr_line' id='line_1_20' title="bbox 81 2711 1380 2852; baseline -0.002 -24"><span class='ocrx_word' id='word_1_132' title='bbox 81 2752 249 2852; x_wconf 82' lang='lat' dir='ltr'>penitius</span> <span class='ocrx_word' id='word_1_133' title='bbox 266 2751 310 2826; x_wconf 92' lang='lat' dir='ltr'>in</span> <span class='ocrx_word' id='word_1_134' title='bbox 328 2762 477 2852; x_wconf 87' lang='lat' dir='ltr'>poetae</span> <span class='ocrx_word' id='word_1_135' title='bbox 497 2749 740 2844; x_wconf 89' lang='lat' dir='ltr'>doctrinam,</span> <span class='ocrx_word' id='word_1_136' title='bbox 767 2733 963 2846; x_wconf 85' lang='lat' dir='ltr'>studium,</span> <span class='ocrx_word' id='word_1_137' title='bbox 992 2763 1136 2847; x_wconf 91' lang='lat' dir='ltr'>artem,</span> <span class='ocrx_word' id='word_1_138' title='bbox 1162 2775 1206 2827; x_wconf 91' lang='lat' dir='ltr'>se</span> <span class='ocrx_word' id='word_1_139' title='bbox 1321 2745 1325 2772; x_wconf 69' lang='lat'><strong>²</strong></span> <span class='ocrx_word' id='word_1_140' title='bbox 1379 2711 1380 2730; x_wconf 70' lang='lat'>.</span> 
     </span>
     <span class='ocr_line' id='line_1_21' title="bbox 81 2859 1346 2974; baseline -0.002 -26"><span class='ocrx_word' id='word_1_141' title='bbox 81 2873 357 2950; x_wconf 87' lang='lat' dir='ltr'>insinuantem.</span> <span class='ocrx_word' id='word_1_142' title='bbox 417 2870 657 2974; x_wconf 75' lang='lat' dir='ltr'>viresque</span> <span class='ocrx_word' id='word_1_143' title='bbox 698 2894 800 2972; x_wconf 92' lang='lat' dir='ltr'>opus</span> <span class='ocrx_word' id='word_1_144' title='bbox 829 2859 1057 2970; x_wconf 85' lang='lat' dir='ltr'>ingressus,</span> <span class='ocrx_word' id='word_1_145' title='bbox 1094 2871 1126 2945; x_wconf 92' lang='lat' dir='ltr'>si</span> <span class='ocrx_word' id='word_1_146' title='bbox 1156 2868 1207 2946; x_wconf 90' lang='lat' dir='ltr'>ad</span> <span class='ocrx_word' id='word_1_147' title='bbox 1340 2897 1346 2906; x_wconf 83' lang='grc'><strong>’</strong></span> 
     </span>
    </p>
   </div>
   <div class='ocr_carea' id='block_1_6' title="bbox 81 2987 1296 4546">
    <p class='ocr_par' dir='ltr' id='par_1_6' title="bbox 81 2987 1296 4546">
     <span class='ocr_line' id='line_1_22' title="bbox 81 2987 1205 3095; baseline -0.003 -24"><span class='ocrx_word' id='word_1_148' title='bbox 81 2995 369 3095; x_wconf 86' lang='lat' dir='ltr'>praescriptum</span> <span class='ocrx_word' id='word_1_149' title='bbox 387 2991 486 3068; x_wconf 94' lang='lat' dir='ltr'>illud</span> <span class='ocrx_word' id='word_1_150' title='bbox 510 2992 669 3093; x_wconf 85' lang='lat' dir='ltr'>exsequi</span> <span class='ocrx_word' id='word_1_151' title='bbox 691 2990 857 3086; x_wconf 89' lang='lat' dir='ltr'>vellem,</span> <span class='ocrx_word' id='word_1_152' title='bbox 883 2988 1016 3068; x_wconf 91' lang='lat' dir='ltr'>taedio</span> <span class='ocrx_word' id='word_1_153' title='bbox 1034 2987 1205 3068; x_wconf 89' lang='lat' dir='ltr'>ferendo</span> 
     </span>
     <span class='ocr_line' id='line_1_23' title="bbox 81 3113 1208 3216; baseline -0.001 -27"><span class='ocrx_word' id='word_1_154' title='bbox 81 3139 144 3190; x_wconf 89' lang='lat' dir='ltr'>me</span> <span class='ocrx_word' id='word_1_155' title='bbox 180 3115 383 3216; x_wconf 90' lang='lat' dir='ltr'>imparem</span> <span class='ocrx_word' id='word_1_156' title='bbox 423 3137 509 3190; x_wconf 91' lang='lat' dir='ltr'>esse</span> <span class='ocrx_word' id='word_1_157' title='bbox 545 3114 678 3210; x_wconf 89' lang='lat' dir='ltr'>sensi,</span> <span class='ocrx_word' id='word_1_158' title='bbox 702 3113 940 3214; x_wconf 74' lang='lat' dir='ltr'>⁴primoque</span> <span class='ocrx_word' id='word_1_159' title='bbox 977 3125 1208 3189; x_wconf 89' lang='lat' dir='ltr'>cunctanter</span> 
     </span>
     <span class='ocr_line' id='line_1_24' title="bbox 81 3232 1206 3336; baseline 0.001 -27"><span class='ocrx_word' id='word_1_160' title='bbox 81 3259 216 3310; x_wconf 89' lang='lat' dir='ltr'>meum</span> <span class='ocrx_word' id='word_1_161' title='bbox 230 3258 399 3311; x_wconf 90' lang='lat' dir='ltr'>sensum</span> <span class='ocrx_word' id='word_1_162' title='bbox 417 3257 461 3308; x_wconf 88' lang='lat' dir='ltr'>ac</span> <span class='ocrx_word' id='word_1_163' title='bbox 481 3232 674 3310; x_wconf 89' lang='lat' dir='ltr'>iudicium</span> <span class='ocrx_word' id='word_1_164' title='bbox 693 3257 782 3310; x_wconf 90' lang='lat' dir='ltr'>sum</span> <span class='ocrx_word' id='word_1_165' title='bbox 805 3246 1014 3336; x_wconf 91' lang='lat' dir='ltr'>sequutus,</span> <span class='ocrx_word' id='word_1_166' title='bbox 1041 3233 1206 3310; x_wconf 87' lang='lat' dir='ltr'>tandem</span> 
     </span>
     <span class='ocr_line' id='line_1_25' title="bbox 83 3353 1208 3456; baseline 0.002 -26"><span class='ocrx_word' id='word_1_167' title='bbox 83 3357 120 3430; x_wconf 91' lang='lat' dir='ltr'>in</span> <span class='ocrx_word' id='word_1_168' title='bbox 137 3355 318 3433; x_wconf 82' lang='lat' dir='ltr'>Aeneide</span> <span class='ocrx_word' id='word_1_169' title='bbox 334 3377 500 3456; x_wconf 91' lang='lat' dir='ltr'>prorsus</span> <span class='ocrx_word' id='word_1_170' title='bbox 520 3353 620 3430; x_wconf 93' lang='lat' dir='ltr'>mihi</span> <span class='ocrx_word' id='word_1_171' title='bbox 633 3355 705 3456; x_wconf 93' lang='lat' dir='ltr'>ipsi</span> <span class='ocrx_word' id='word_1_172' title='bbox 731 3354 1015 3456; x_wconf 87' lang='lat' dir='ltr'>obtemperavi.</span> <span class='ocrx_word' id='word_1_173' title='bbox 1065 3358 1124 3430; x_wconf 86' lang='lat' dir='ltr'>Ita</span> <span class='ocrx_word' id='word_1_174' title='bbox 1139 3381 1208 3432; x_wconf 91' lang='lat' dir='ltr'>au-</span> 
     </span>
     <span class='ocr_line' id='line_1_26' title="bbox 83 3465 1296 3578; baseline 0 -30"><span class='ocrx_word' id='word_1_175' title='bbox 83 3489 162 3550; x_wconf 86' lang='lat' dir='ltr'>tem</span> <span class='ocrx_word' id='word_1_176' title='bbox 188 3477 340 3570; x_wconf 81' lang='lat' dir='ltr'>evenit,</span> <span class='ocrx_word' id='word_1_177' title='bbox 373 3487 422 3552; x_wconf 90' lang='lat' dir='ltr'>ut</span> <span class='ocrx_word' id='word_1_178' title='bbox 446 3498 568 3576; x_wconf 88' lang='lat' dir='ltr'>opera</span> <span class='ocrx_word' id='word_1_179' title='bbox 591 3500 684 3552; x_wconf 90' lang='lat' dir='ltr'>mea</span> <span class='ocrx_word' id='word_1_180' title='bbox 702 3474 946 3578; x_wconf 88' lang='lat' dir='ltr'>aliquantum</span> <span class='ocrx_word' id='word_1_181' title='bbox 960 3475 1092 3576; x_wconf 88' lang='lat' dir='ltr'>dispar</span> <span class='ocrx_word' id='word_1_182' title='bbox 1106 3487 1210 3550; x_wconf 88' lang='lat' dir='ltr'>esset</span> <span class='ocrx_word' id='word_1_183' title='bbox 1292 3465 1296 3476; x_wconf 82' lang='grc'><strong>’</strong></span> 
     </span>
     <span class='ocr_line' id='line_1_27' title="bbox 85 3593 1210 3698; baseline -0.002 -27"><span class='ocrx_word' id='word_1_184' title='bbox 85 3597 315 3698; x_wconf 85' lang='lat' dir='ltr'>comparatis</span> <span class='ocrx_word' id='word_1_185' title='bbox 328 3595 489 3694; x_wconf 90' lang='lat' dir='ltr'>Eclogis</span> <span class='ocrx_word' id='word_1_186' title='bbox 511 3609 551 3672; x_wconf 88' lang='lat' dir='ltr'>et</span> <span class='ocrx_word' id='word_1_187' title='bbox 572 3596 774 3694; x_wconf 90' lang='lat' dir='ltr'>Georgicis</span> <span class='ocrx_word' id='word_1_188' title='bbox 796 3593 1107 3687; x_wconf 80' lang='lat' dir='ltr'>cum-Aeneide3</span> <span class='ocrx_word' id='word_1_189' title='bbox 1133 3619 1210 3670; x_wconf 90' lang='lat' dir='ltr'>nec</span> 
     </span>
     <span class='ocr_line' id='line_1_28' title="bbox 85 3713 1296 3824; baseline 0.002 -34"><span class='ocrx_word' id='word_1_190' title='bbox 85 3717 152 3793; x_wconf 92' lang='lat' dir='ltr'>nisi</span> <span class='ocrx_word' id='word_1_191' title='bbox 177 3721 218 3794; x_wconf 93' lang='lat' dir='ltr'>in</span> <span class='ocrx_word' id='word_1_192' title='bbox 239 3717 423 3820; x_wconf 90' lang='lat' dir='ltr'>repetitis</span> <span class='ocrx_word' id='word_1_193' title='bbox 452 3715 693 3793; x_wconf 91' lang='lat' dir='ltr'>editionibus</span> <span class='ocrx_word' id='word_1_194' title='bbox 714 3716 765 3794; x_wconf 93' lang='lat' dir='ltr'>ad</span> <span class='ocrx_word' id='word_1_195' title='bbox 796 3716 973 3794; x_wconf 91' lang='lat' dir='ltr'>eundem</span> <span class='ocrx_word' id='word_1_196' title='bbox 995 3713 1210 3824; x_wconf 81' lang='lat' dir='ltr'>modulum</span> <span class='ocrx_word' id='word_1_197' title='bbox 1290 3744 1296 3758; x_wconf 72' lang='lat'>¹</span> 
     </span>
     <span class='ocr_line' id='line_1_29' title="bbox 87 3835 1210 3931; baseline -0.002 -19"><span class='ocrx_word' id='word_1_198' title='bbox 87 3841 215 3914; x_wconf 91' lang='lat' dir='ltr'>omnia</span> <span class='ocrx_word' id='word_1_199' title='bbox 240 3839 488 3916; x_wconf 89' lang='lat' dir='ltr'>constituere</span> <span class='ocrx_word' id='word_1_200' title='bbox 515 3835 745 3931; x_wconf 87' lang='lat' dir='ltr'>allaboravi;</span> <span class='ocrx_word' id='word_1_201' title='bbox 780 3839 852 3914; x_wconf 90' lang='lat' dir='ltr'>etsi</span> <span class='ocrx_word' id='word_1_202' title='bbox 868 3835 932 3914; x_wconf 90' lang='lat' dir='ltr'>vel</span> <span class='ocrx_word' id='word_1_203' title='bbox 951 3837 1006 3912; x_wconf 90' lang='lat' dir='ltr'>sic</span> <span class='ocrx_word' id='word_1_204' title='bbox 1024 3837 1131 3913; x_wconf 93' lang='lat' dir='ltr'>bene</span> <span class='ocrx_word' id='word_1_205' title='bbox 1148 3838 1210 3912; x_wconf 92' lang='lat' dir='ltr'>in-</span> 
     </span>
     <span class='ocr_line' id='line_1_30' title="bbox 88 3955 1211 4062; baseline 0 -30"><span class='ocrx_word' id='word_1_206' title='bbox 88 3959 207 4036; x_wconf 84' lang='lat' dir='ltr'>tellexi</span> <span class='ocrx_word' id='word_1_207' title='bbox 221 3983 435 4062; x_wconf 89' lang='lat' dir='ltr'>superesse</span> <span class='ocrx_word' id='word_1_208' title='bbox 451 3981 619 4055; x_wconf 82' lang='lat' dir='ltr'>naevos,</span> <span class='ocrx_word' id='word_1_209' title='bbox 649 3983 750 4060; x_wconf 93' lang='lat' dir='ltr'>quos</span> <span class='ocrx_word' id='word_1_210' title='bbox 765 3958 925 4059; x_wconf 91' lang='lat' dir='ltr'>penitus</span> <span class='ocrx_word' id='word_1_211' title='bbox 939 3955 1072 4034; x_wconf 92' lang='lat' dir='ltr'>eluere</span> <span class='ocrx_word' id='word_1_212' title='bbox 1088 3959 1149 4033; x_wconf 83' lang='lat' dir='ltr'>vix</span> <span class='ocrx_word' id='word_1_213' title='bbox 1163 3955 1211 4032; x_wconf 93' lang='lat' dir='ltr'>li-</span> 
     </span>
     <span class='ocr_line' id='line_1_31' title="bbox 89 4076 1212 4180; baseline -0.004 -26"><span class='ocrx_word' id='word_1_214' title='bbox 89 4095 209 4175; x_wconf 84' lang='lat' dir='ltr'>reret,</span> <span class='ocrx_word' id='word_1_215' title='bbox 236 4083 279 4158; x_wconf 93' lang='lat' dir='ltr'>in</span> <span class='ocrx_word' id='word_1_216' title='bbox 301 4103 478 4180; x_wconf 88' lang='lat' dir='ltr'>corpore</span> <span class='ocrx_word' id='word_1_217' title='bbox 503 4077 553 4155; x_wconf 90' lang='lat' dir='ltr'>ad</span> <span class='ocrx_word' id='word_1_218' title='bbox 574 4077 689 4156; x_wconf 90' lang='lat' dir='ltr'>aliam</span> <span class='ocrx_word' id='word_1_219' title='bbox 713 4077 888 4155; x_wconf 79' lang='lat' dir='ltr'>fonnem</span> <span class='ocrx_word' id='word_1_220' title='bbox 910 4079 958 4154; x_wconf 90' lang='lat' dir='ltr'>ab</span> <span class='ocrx_word' id='word_1_221' title='bbox 976 4079 1088 4154; x_wconf 92' lang='lat' dir='ltr'>initio</span> <span class='ocrx_word' id='word_1_222' title='bbox 1108 4076 1212 4154; x_wconf 88' lang='lat' dir='ltr'>desi-</span> 
     </span>
     <span class='ocr_line' id='line_1_32' title="bbox 89 4194 1212 4298; baseline -0.006 -20"><span class='ocrx_word' id='word_1_223' title='bbox 89 4215 211 4298; x_wconf 83' lang='lat' dir='ltr'>gnato.</span> <span class='ocrx_word' id='word_1_224' title='bbox 266 4199 393 4298; x_wconf 84' lang='lat' dir='ltr'>Quod</span> <span class='ocrx_word' id='word_1_225' title='bbox 412 4211 548 4276; x_wconf 89' lang='lat' dir='ltr'>tamen</span> <span class='ocrx_word' id='word_1_226' title='bbox 574 4198 700 4298; x_wconf 86' lang='lat' dir='ltr'>licuit,</span> <span class='ocrx_word' id='word_1_227' title='bbox 732 4212 908 4297; x_wconf 89' lang='lat' dir='ltr'>satagere</span> <span class='ocrx_word' id='word_1_228' title='bbox 940 4197 1049 4276; x_wconf 88' lang='lat' dir='ltr'>haud</span> <span class='ocrx_word' id='word_1_229' title='bbox 1070 4194 1212 4294; x_wconf 88' lang='lat' dir='ltr'>refugi,</span> 
     </span>
     <span class='ocr_line' id='line_1_33' title="bbox 92 4317 1212 4425; baseline -0.004 -31"><span class='ocrx_word' id='word_1_230' title='bbox 92 4333 147 4420; x_wconf 87' lang='lat' dir='ltr'>nt,</span> <span class='ocrx_word' id='word_1_231' title='bbox 183 4324 343 4425; x_wconf 89' lang='lat' dir='ltr'>quoties</span> <span class='ocrx_word' id='word_1_232' title='bbox 370 4344 478 4396; x_wconf 86' lang='lat' dir='ltr'>nova</span> <span class='ocrx_word' id='word_1_233' title='bbox 501 4318 623 4396; x_wconf 91' lang='lat' dir='ltr'>editio</span> <span class='ocrx_word' id='word_1_234' title='bbox 649 4333 873 4420; x_wconf 88' lang='lat' dir='ltr'>pararetur,</span> <span class='ocrx_word' id='word_1_235' title='bbox 906 4343 991 4396; x_wconf 93' lang='lat' dir='ltr'>non</span> <span class='ocrx_word' id='word_1_236' title='bbox 1006 4317 1134 4394; x_wconf 92' lang='lat' dir='ltr'>modo</span> <span class='ocrx_word' id='word_1_237' title='bbox 1148 4341 1212 4391; x_wconf 92' lang='lat' dir='ltr'>re-</span> 
     </span>
     <span class='ocr_line' id='line_1_34' title="bbox 95 4434 1213 4546; baseline -0.011 -25"><span class='ocrx_word' id='word_1_238' title='bbox 95 4437 256 4540; x_wconf 79' lang='lat' dir='ltr'>legerem</span> <span class='ocrx_word' id='word_1_239' title='bbox 286 4455 457 4546; x_wconf 88' lang='lat' dir='ltr'>poetam</span> <span class='ocrx_word' id='word_1_240' title='bbox 493 4463 583 4516; x_wconf 89' lang='lat' dir='ltr'>cum</span> <span class='ocrx_word' id='word_1_241' title='bbox 626 4442 727 4517; x_wconf 90' lang='lat' dir='ltr'>meis</span> <span class='ocrx_word' id='word_1_242' title='bbox 766 4439 1104 4532; x_wconf 85' lang='lat' dir='ltr'>annotationibus,</span> <span class='ocrx_word' id='word_1_243' title='bbox 1142 4434 1213 4512; x_wconf 90' lang='lat' dir='ltr'>sed</span> 
     </span>
    </p>
   </div>
   <div class='ocr_carea' id='block_1_7' title="bbox 0 0 1408 4988">
    <p class='ocr_par' dir='ltr' id='par_1_7' title="bbox 0 0 1408 4988">
     <span class='ocr_line' id='line_1_35' title="bbox 0 0 1408 4988; baseline 0 0"><span class='ocrx_word' id='word_1_244' title='bbox 0 0 1408 4988; x_wconf 95' lang='lat' dir='ltr'> </span> 
     </span>
    </p>
   </div>
  </div>
 </body>
</html>
