2758 4990
228 357 588 436 ononemoa
614 361 717 438 tre.
742 365 815 460 rv,
850 371 1015 445 cs-rs
1108 373 1185 449 cos

54 544 234 642 Regibus
249 545 408 622 incessit
427 569 572 644 magno
592 545 787 624 discordia
800 559 933 648 motu)

56 649 345 749 Continuoque
362 651 515 725 animos
533 649 637 749 volgi
656 665 695 726 et
709 653 945 752 trepidantia
959 655 1071 732 bello

57 751 191 828 Corda
207 749 297 826 licet
310 752 429 850 longe
445 755 724 854 praesciscere:
742 780 917 858 namque
931 762 1123 836 morantis
1132 769 1184 839 70

53 857 220 931 Martius
237 854 304 929 ille
322 857 421 930 aeris
439 858 546 932 rauci
565 881 686 933 canor
700 859 895 960 increpat,
925 876 964 937 et
980 886 1055 938 vox

55 957 228 1035 Auditur
244 955 389 1033 fractos
404 962 556 1036 sonitus
571 961 718 1036 imitata
733 961 940 1058 tubarnm3

55 1067 166 1136 Tum
182 1061 360 1161 trepidae
374 1063 478 1138 inter
490 1089 532 1138 se
549 1079 706 1161 coeunt,
723 1068 948 1167 pennisque
963 1082 1181 1165 coruscant,

55 1163 295 1266 Spiculaque
314 1181 507 1242 exacuunt
519 1169 674 1262 rostris,
703 1181 917 1270 aptantque
932 1170 1111 1271 lacertos,

52 1272 105 1342 Et
122 1269 221 1342 circa
236 1291 374 1366 regem
391 1284 510 1372 atque
525 1271 607 1374 ipsa
620 1271 669 1346 ad
685 1273 882 1373 praetoria
900 1272 1046 1350 densae
1129 1279 1182 1354 75

107 1414 168 1483 68.
195 1426 327 1502 noro,

89 1615 125 1667 68
142 1615 258 1665 incussit
269 1631 385 1686 magnos
400 1615 540 1668 discordia
560 1629 649 1670 motus
668 1616 788 1670 lieiskius
802 1619 966 1672 confidebat
1001 1619 1054 1672 Sed
1073 1619 1180 1672 discor-

52 1684 102 1734 dia
123 1685 249 1745 incessit,
275 1694 305 1734 ut
323 1685 436 1756 cupido,
460 1697 563 1750 metus,
580 1689 716 1740 incessere
733 1687 812 1740 modo
833 1691 949 1754 animas,
973 1689 1053 1740 modo
1074 1690 1180 1752 uninsis,

52 1753 134 1802 etiam
152 1752 177 1802 in
216 1753 314 1804 edestri
334 1753 454 1805 oratione
474 1773 553 1824 saepe
573 1755 676 1807 dicitur.
745 1759 781 1812 70
794 1759 969 1828 praediscere
986 1760 1051 1810 Van.
1069 1768 1096 1808 et
1110 1759 1180 1810 Vra-

51 1821 116 1885 tisl.,
136 1773 214 1891 quod
219 1823 363 1874 Hermanno
378 1823 405 1873 in
418 1822 459 1874 bis
476 1823 550 1875 libris
564 1825 682 1876 usitatius
696 1825 842 1878 videbatur.
911 1829 944 1881 71
963 1845 1049 1880 cuaer
1069 1829 1181 1879 inuocat

50 1895 188 1959 Sangerm.
212 1891 270 1943 cod.
289 1891 358 1961 apud
377 1892 477 1944 Colum.
496 1895 544 1958 IX,
561 1896 587 1959 9,
605 1893 630 1947 4.
673 1895 773 1946 ibidem
795 1913 859 1948 unus
882 1913 943 1947 mox
961 1899 1075 1948 conitus.
1144 1897 1180 1950 72

50 1963 175 2012 Auditor
197 1961 263 2012 Gud.
285 1979 301 2012 a
319 1980 351 2012 m.
372 1980 412 2030 pr.
448 1975 552 2015 tractas
570 1966 678 2016 sonitus
692 1965 812 2016 tentabat
832 1967 869 2017 lo.
885 1965 1023 2018 Schrader.
1044 1982 1076 2016 ex
1087 1983 1111 2015 v.
1125 1966 1180 2018 260

50 2031 217 2100 tractimque
235 2044 392 2083 susurrant.
474 2034 509 2088 73
529 2033 635 2104 trepide
653 2043 763 2102 uterque
784 2034 865 2086 Goth.
897 2037 1044 2106 pinnisque
1063 2034 1129 2085 Gud.
1152 2043 1180 2084 et

49 2098 162 2150 Mentel.
176 2117 215 2168 pr.
283 2099 319 2154 74
336 2102 449 2170 Spicula
462 2115 601 2154 exacuunt
611 2101 668 2153 sine
679 2121 731 2172 que
745 2103 853 2155 Mentel.
868 2121 909 2172 pr.
922 2122 938 2156 a
952 2121 987 2157 m.
1002 2121 1042 2172 pr.
1078 2105 1177 2175 Spicu-

51 2169 137 2238 laque
148 2181 304 2239 acuuntque
316 2171 423 2222 Vrutisl.
501 2171 536 2226 75
554 2173 591 2224 ad
604 2172 681 2223 deest
695 2191 735 2242 pr.
749 2175 847 2226 Moret.

49 2325 134 2403 liqna
151 2325 251 2384 omnia
270 2325 302 2384 in
320 2325 418 2386 medio
438 2326 594 2386 interiecta
632 2331 671 2388 rit
686 2327 783 2387 &ado
790 2351 892 2408 pavor
901 2329 1038 2407 pulsans.
1061 2330 1174 2388 Trans-

48 2413 129 2487 sint,
157 2411 240 2490 quod
258 2421 397 2472 natatum
421 2413 479 2471 iam
504 2413 593 2472 video
635 2413 709 2471 tulit
747 2423 848 2472 autem
881 2423 972 2492 poeta
1002 2433 1056 2488 ca,
1120 2433 1176 2472 uae

49 2496 249 2576 Philargyria.
294 2494 407 2580 (Habet
419 2497 493 2556 haec
506 2499 593 2574 ratio,
637 2498 771 2558 omnim
785 2519 874 2578 apum
888 2498 1077 2577 migrationes
1089 2507 1178 2556 sarte-

49 2582 138 2662 quod
159 2583 328 2663 displiceat;
347 2585 447 2662 itaque
460 2583 594 2662 Heynia-
637 2582 743 2641 cedere
758 2584 871 2658 solent,
894 2583 994 2656 adid,
1024 2583 1106 2659 quod
1124 2583 1177 2642 illo

48 2689 123 2728 nam
131 2669 406 2747 interpunctionem
414 2690 517 2729 rttrsus
526 2689 595 2728 mu·
637 2669 766 2726 maxime
792 2677 927 2748 tempore
945 2667 1079 2726 accidere
1094 2669 1176 2746 solet,

48 2755 135 2830 tavi;
156 2754 218 2814 vid.
235 2755 355 2814 omnino
370 2755 407 2830 Q.
417 2755 451 2814 V.
468 2755 595 2831 XXXV,
638 2773 706 2812 curu
730 2753 840 2813 bellum
862 2753 948 2812 civile
969 2762 1125 2830 movetur;
1147 2763 1178 2814 et

47 2845 81 2905 9.
107 2837 197 2920 Wr.)
242 2840 274 2898 Si
296 2861 376 2902 nova
394 2841 530 2900 examina
549 2840 595 2900 al-
637 2837 745 2898 babuit
768 2849 838 2898 ante
865 2839 967 2898 oculos
987 2839 1177 2899 Aristotelem

47 2925 137 2986 veari
147 2923 310 3004 prodeunt,
331 2927 530 2986 tirmituaeria
544 2945 596 2986 re·
637 2925 676 2984 Η.
688 2923 723 2984 A.
735 2926 787 3000 IX,
802 2923 853 2988 40.
865 2945 929 3004 pag.
937 2923 999 2989 946
1013 2925 1046 2985 E.
1061 2923 1176 2984 Varro-

47 3019 221 3088 vocantur3
241 3011 287 3070 sin
307 3012 345 3072 ad
364 3033 496 3093 pugnam
513 3011 595 3072 exie-
637 3031 706 3070 nem
720 3012 756 3070 ll.
776 3011 811 3070 R.
834 3009 965 3085 111,16,
986 3014 1044 3086 30,
1057 3019 1177 3090 poetam

46 3099 133 3174 rint,
162 3097 330 3176 aspersione
353 3099 494 3178 pulveris.
529 3099 595 3156 Re·
637 3107 738 3156 autern
750 3096 878 3160 vicissim
898 3095 1061 3155 Columella
1080 3097 1133 3172 lX,
1146 3100 1176 3161 9.

46 3183 143 3262 gabiis
155 3185 274 3242 arcessit
285 3183 445 3260 discordia,
454 3205 509 3264 pro
522 3185 595 3245 vul·
638 3187 688 3246 71.
710 3183 789 3242 Dum
807 3181 951 3242 bombum
964 3181 1087 3242 iaciunt.
1099 3181 1177 3262 sra-

46 3269 116 3348 gari
131 3268 257 3344 ratione,
277 3289 361 3347 reges
376 3272 504 3328 incessit.
529 3270 595 3328 Re·
636 3271 679 3326 cti
690 3271 811 3345 sonita,
832 3266 862 3327 b.
878 3287 939 3326 uon
954 3268 1096 3342 continui,
1108 3287 1176 3326 mo-

45 3375 106 3434 ges
118 3399 127 3428 ,
158 3373 233 3432 quos
256 3373 338 3414 nunc
370 3374 460 3434 apum
485 3364 596 3414 matres
638 3353 678 3412 do
706 3353 851 3428 sortiere,
886 3353 978 3412 modo
1009 3353 1176 3412 remissiore

48 3459 115 3498 esse
128 3439 245 3498 scimus.
288 3440 467 3519 Dignitatem
484 3441 595 3500 carmi-
637 3439 753 3518 spiritu.
813 3441 863 3503 73.
893 3441 1057 3517 pennisque
1088 3459 1175 3497 cons-

47 3527 99 3585 nis
110 3525 145 3584 in
157 3543 191 3584 re
203 3525 287 3584 tenui
308 3525 341 3584 in
360 3545 439 3606 seqq.
453 3526 596 3587 admusri
636 3537 741 3600 scant,
766 3540 804 3582 ex
823 3523 971 3602 frequenti
986 3532 1069 3582 motu
1082 3519 1175 3604 netad

48 3611 126 3670 satis
142 3629 280 3690 nequeas.
636 3611 769 3673 natalia.
791 3604 884 3671 atita.
940 3608 1022 3668 ldem
1042 3617 1087 3668 eat
1114 3611 1175 3666 mi-

95 3699 148 3760 69.
179 3695 275 3754 Corda
298 3695 373 3755 bello
396 3696 593 3773 trepidantia,
636 3717 712 3755 aare.
742 3693 793 3760 74.
813 3693 937 3771 Spicula
949 3705 1106 3752 rostrantm
1119 3690 1176 3774 (sic

48 3781 82 3841 b.
106 3781 220 3840 animos
239 3781 311 3840 belli
332 3779 511 3861 cupiditate,
533 3801 594 3861 pu·
635 3781 753 3860 vulgari
765 3798 848 3839 more
866 3777 1003 3853 effertur,
1031 3799 1087 3858 pro
1102 3778 1175 3837 sim-

48 3886 128 3946 gnae
143 3865 266 3943 ardore,
293 3867 525 3947 trepidantium,
547 3867 594 3925 se·
636 3865 721 3946 plici,
744 3863 870 3946 rostra),
899 3861 1029 3938 aculeos,
1052 3875 1175 3939 acuunt,

49 3952 246 4028 atinentium,
275 3953 485 4032 satagentium,
521 3951 595 4012 dum
637 3971 774 4012 seucum
789 3949 1175 4028 blartynosimplicius,ro-

50 4057 84 4097 se
98 4037 139 4096 ad
152 4037 263 4096 bellum
278 4039 453 4117 accingturt,
477 4046 512 4098 ut
522 4057 595 4097 mox
637 4038 708 4097 stris
731 4036 790 4096 suis
812 4055 917 4094 acuam
940 4033 1084 4094 videntur
1101 4053 1175 4095 acu-

51 4123 188 4202 trepidae
208 4136 330 4199 cocuru,
361 4121 392 4183 b.
413 4124 595 4184 festinantes.
637 4123 713 4198 leos,
745 4121 827 4200 quod
843 4139 958 4180 muscas
980 4139 1099 4198 quoque
1126 4121 1175 4179 fa-

52 4207 214 4289 Apponam
233 4209 328 4268 Servii
352 4217 471 4268 notam:
510 4221 596 4284 „tre-
639 4227 706 4267 cere
720 4207 830 4266 videas.
853 4218 960 4282 aptant
976 4207 1100 4264 lacertos
1119 4224 1175 4286 pe-

46 4295 195 4373 pidantia
215 4291 290 4352 bello
313 4295 422 4369 corda,
446 4295 598 4354 alacritate
639 4293 762 4353 tituma
773 4290 938 4372 pugilibus,
961 4291 1093 4369 quiante
1107 4309 1174 4349 oer-

52 4377 225 4459 pugnandi,
254 4399 315 4440 non
334 4380 477 4480 timore.“
519 4379 599 4440 Alibi
639 4387 742 4480 tarum
761 4377 919 4458 explorant
937 4377 1032 4452 vires,
1052 4371 1175 4435 braabia

53 4466 109 4525 Ge.
136 4463 193 4540 Ill,
209 4465 269 4532 106
280 4467 504 4547 numantiaque
517 4465 598 4525 bart·
639 4472 770 4541 sectant,
803 4471 840 4524 ut
859 4461 931 4527 ten.
950 4463 991 4540 V,
1010 4465 1082 4528 376.
1103 4463 1174 4526 877.
