2654 5000
222 397 272 472 44
400 389 656 466 SPOHNII
688 389 1146 510 l'ROLEGOMENA

222 579 439 674 declarant,
465 601 509 653 se
522 577 730 655 amicitiam
748 591 788 654 et
803 601 943 677 pacem
959 601 1205 679 componere
1219 575 1314 672 velle,

219 682 341 783 idque
356 707 484 758 unum
498 705 584 756 sese
605 703 731 779 agere.
785 679 1012 758 Commodo
1027 683 1188 757 nuntius
1201 679 1314 754 allatus

221 797 304 882 est,
335 784 512 860 Fulviam
545 798 747 860 mortuam
779 807 889 876 esse;
981 783 1036 859 od
1065 785 1313 883 gravissimum

219 888 715 990 impedimentumAntonii
731 886 917 962 concilian
948 888 1314 988 iquumevanuisset

218 1017 293 1094 per
307 992 539 1086 Cocceium,
564 993 723 1092 utrique
741 989 831 1066 duci
847 991 1018 1066 amicum
1040 1005 1120 1067 ete
1141 989 1314 1090 legatione

220 1095 269 1172 ab
293 1094 510 1172 Octaviano
544 1094 594 1169 ad
616 1095 833 1170 Antonium
859 1093 911 1168 de
937 1093 1057 1168 rebus
1079 1095 1188 1170 Lucii
1210 1090 1314 1166 fratris

219 1211 363 1274 aestate
380 1197 424 1276 ai.
437 1206 523 1276 71³.
542 1197 582 1272 in
598 1197 747 1293 Syriam
763 1198 878 1271 missa
901 1195 1006 1297 apud
1028 1197 1244 1272 Antonium
1264 1219 1325 1267 su-¹

217 1303 443 1402 perstitem,
482 1301 714 1402 praesertim
748 1325 874 1400 quum
903 1301 1122 1376 Antonium
1149 1313 1267 1374 mater
1284 1308 1325 1370 ctw

217 1404 315 1482 lulia
330 1415 560 1500 moverent,
587 1403 703 1501 legati
731 1416 823 1477 sunt
846 1402 894 1478 ab
917 1415 1090 1504 utroque
1113 1403 1215 1478 duce
1239 1423 1325 1475 cona

217 1507 338 1583 stituti
366 1507 418 1582 de
439 1529 537 1606 pace
565 1504 856 1606 componenda.
914 1507 1109 1582 Antonius
1141 1503 1325 1582 revocavit

219 1613 322 1687 Sext.
351 1610 589 1709 Pompeium
614 1611 654 1684 in
685 1609 871 1700 Siciliam,
898 1607 1212 1685 Ahenobarbum
1232 1605 1310 1681 misit

217 1737 309 1787 cum
325 1712 494 1814 imperio
506 1712 547 1786 in
567 1711 799 1808 Bithyniam.
850 1715 906 1787 Ex
929 1713 1165 1788 Antonianis
1185 1710 1311 1790 Asinius

215 1813 366 1909 Pollio,
402 1816 580 1916 quicum
602 1811 871 1890 Ahenobarbo
897 1813 946 1888 ad
964 1817 1185 1891 Antonium
1208 1835 1325 1910 acces,

216 1931 321 1993 serat
336 1918 377 1991 in
390 1918 491 1992 mari
512 1917 627 1992 Ionio
647 1931 796 1993 etcum
816 1916 890 1991 illis
916 1918 1124 2019 appulerat
1143 1918 1193 1994 ad
1209 1921 1325 2012 Bruu-³

216 2021 394 2114 dusium,
428 2043 451 2095 e
477 2021 713 2098 Caesarianis
732 2026 940 2098 Maecenas
964 2019 1143 2096 adhibito
1168 2019 1309 2100 Cocceio

214 2123 382 2200 medio
409 2120 554 2199 foedus
574 2123 871 2200 Brundusinum
894 2139 1224 2225 composuerunt,
1246 2123 1308 2196 sinc

216 2227 339 2304 dubio
353 2227 490 2327 primis
508 2225 647 2302 dicbus
659 2227 806 2302 mensis
822 2226 1017 2306 Octobris.
1070 2229 1245 2320 Octavia,
1262 2249 1325 2325 so.

213 2355 283 2406 ror
297 2329 705 2426 Octaviani,Marcello
720 2331 865 2404 marito
880 2355 1010 2430 nuper
1025 2345 1192 2408 mortuo
1207 2327 1308 2418 vidua,

213 2434 388 2511 Antonio
425 2431 614 2512 collocata
647 2447 715 2510 est.
789 2437 879 2528 Quo
909 2431 1078 2509 foedere
1112 2432 1307 2535 composito

214 2539 450 2614 Octavianus
481 2549 521 2610 et
540 2537 734 2612 Antonius
765 2538 938 2612 Romam
967 2535 1160 2616 abierunt
1212 2539 1325 2614 Com

211 2641 361 2730 munis,
388 2653 434 2715 ut
449 2635 578 2714 firerat
590 2663 665 2739 per
683 2640 907 2715 universam
929 2638 1080 2714 ltaliam
1094 2654 1224 2716 metus
1237 2631 1306 2711 bclli

212 2744 408 2832 instantis,
444 2741 587 2816 laetitia
625 2755 665 2818 et
691 2741 846 2842 publica
883 2739 1063 2822 hilaritas.
1126 2743 1247 2819 Pollio
1265 2737 1308 2812 his

211 2847 432 2922 laetissimis
447 2845 696 2945 temporibus
715 2845 879 2921 tandem
902 2844 1044 2941 redux,
1064 2849 1219 2924 Romae
1237 2841 1308 2920 adiit

213 2949 494 3044 Consulatum,
521 2947 701 3024 nobilem
714 2972 788 3050 per
804 2947 938 3046 legem
955 2947 1181 3028 Falcidiam.
1324 2939 1325 3012 Ῐ

311 3055 419 3128 Uxor
432 3050 621 3127 Pollionis
636 3077 728 3126 cum
745 3053 889 3126 marito
905 3075 1062 3127 reversa
1079 3054 1233 3153 peperit
1249 3046 1307 3122 lili-
1324 3089 1325 3093 =

209 3177 279 3228 um
315 3167 482 3228 exeunte
514 3154 716 3254 Septemb.
748 3167 815 3229 aut
839 3153 1004 3230 ineunte
1036 3157 1228 3250 Octobri,
1260 3160 1308 3224 aut

209 3253 343 3358 paullo
368 3269 480 3348 ante,
515 3271 582 3331 aut
609 3259 695 3359 ipso
719 3269 923 3356 tempore,
963 3281 1046 3359 quo
1067 3259 1197 3336 Pollio
1223 3259 1325 3354 Con·¹

214 3357 386 3436 sulatum
417 3357 519 3436 adiit
570 3363 617 3436 In
646 3373 753 3435 tanta
782 3361 989 3436 universae
1013 3361 1148 3439 ltaliae
1179 3357 1306 3446 laetitia,

209 3487 335 3566 quum
352 3463 430 3538 iam
451 3461 683 3539 viderentur
703 3477 838 3564 pacata
860 3477 1044 3564 tempora
1079 3491 1125 3541 ex
1152 3457 1306 3546 llammis,

208 3564 409 3660 caedibus,
434 3566 622 3662 sanguine
644 3579 685 3642 ct
705 3565 845 3666 pugnis
866 3569 1068 3667 progigni,
1098 3583 1201 3644 etex
1221 3585 1306 3640 sum-

206 3695 277 3745 mo
299 3671 607 3770 gravissimoque
626 3683 738 3744 metu
754 3683 793 3745 ct
807 3670 984 3768 periculo
1000 3671 1182 3747 universa
1202 3667 1306 3745 civitas

208 3775 455 3870 emersisset,
489 3773 611 3874 idque
638 3771 899 3868 beneficium,
933 3797 1059 3876 quum
1094 3774 1253 3850 maxime
1270 3763 1305 3838 ab

206 3879 366 3952 Antonii
380 3890 492 3978 parte
504 3876 665 3951 instaret
676 3875 896 3975 periculum
910 3875 1022 3970 belli,
1050 3877 1304 3978 quodiamre-

206 3991 364 4054 motum
380 3993 556 4080 eratper
567 3979 1007 4076 generosumPollionis
1019 3979 1139 4078 legati
1156 3978 1304 4055 animum

206 4081 413 4177 contigisse
430 4081 731 4174 existimaretur3
748 4081 929 4180 Virgilius
945 4079 1083 4159 officio
1096 4069 1303 4181 gratianimi

208 4193 248 4254 ct
261 4181 446 4258 benevoli
455 4181 599 4259 ‘deesse
615 4183 716 4258 adeo
729 4209 813 4259 non
828 4185 976 4286 potuit,
1005 4187 1103 4287 quin
1124 4185 1198 4262 suis
1206 4173 1304 4258 Musis

208 4304 466 4360 conmunem
493 4281 679 4362 laetitiam
709 4287 948 4383 celebraret,
983 4287 1036 4364 ita
1065 4287 1240 4390 quidem,
1261 4287 1303 4366 ul

208 4383 269 4462 cui
286 4385 365 4464 hoc
387 4387 629 4466 beneficium
652 4385 833 4490 publicae
859 4383 1080 4470 securitatis
1100 4389 1257 4469 maxime
1274 4388 1304 4454 el
