2634 5012
184 391 261 464 372
424 383 465 457 P.
492 377 756 460 VIRGlLll
780 377 1055 457 MARONIS

185 569 364 670 Suspecti
380 567 452 644 tibi
467 569 545 643 sint
558 564 726 658 imbres;
754 589 927 666 namque
944 579 1088 664 urguet
1104 563 1150 638 ab
1167 563 1232 640 alto

183 673 481 773 Arboribusque
496 670 665 772 satisque
679 675 805 746 Notus
823 670 1039 770 pecorique
1055 667 1209 745 sinister.

183 782 260 852 Aut
271 775 341 850 ubi
358 775 431 850 sub
447 775 580 850 lucem
598 773 719 848 densa
736 773 839 848 inter
855 772 989 848 nubila
1003 797 1091 848 sese
1218 772 1276 848 445

181 879 333 956 Diversi
349 891 540 979 rumpent
555 876 674 970 radii,
702 890 767 950 aut
783 876 853 950 ubi
870 875 1015 976 pallida
1033 888 1166 973 surget

184 981 348 1058 Tithoni
365 1007 551 1057 croceum
567 980 751 1081 linquens
768 985 920 1058 Aurora
938 979 1091 1056 cubile:

182 1089 290 1182 Heu,
317 1085 422 1162 male
442 1099 529 1161 tum
543 1085 648 1158 mitis
664 1081 857 1158 desendet
871 1084 1085 1184 pampinus
1101 1105 1206 1157 uvas:

185 1193 286 1264 Tam
302 1189 428 1264 multa
448 1190 487 1264 in
506 1189 617 1263 tectis
635 1187 829 1288 crepitans
850 1185 937 1260 solit
958 1184 1122 1262 horrida
1144 1179 1277 1281 grando.

183 1297 270 1368 Hoc
287 1293 416 1390 etiam,
433 1314 599 1367 emenso
615 1315 740 1392 quum
756 1290 834 1364 iam
851 1289 1009 1365 decedit
1025 1287 1210 1388 Olympo,
1224 1289 1278 1362 450

234 1419 323 1492 447.
350 1435 508 1502 cunum
570 1415 656 1490 450.
681 1433 857 1486 nacnnrr

218 1603 270 1657 445
289 1607 329 1655 At
342 1600 389 1654 ubi
401 1604 527 1656 llotteud.
544 1620 596 1654 rec.
667 1601 720 1655 446
738 1613 864 1673 rumpent
877 1598 980 1651 reduxit
992 1599 1133 1664 Heinsius,
1157 1608 1185 1650 ut
1201 1597 1224 1648 iu
1238 1594 1279 1646 elis

184 1673 265 1736 lucie,
290 1689 340 1742 pro
354 1686 508 1744 erumpent:
533 1672 603 1741 quod
616 1671 723 1738 vulgare
742 1682 826 1733 estet,
844 1669 966 1740 quodque
985 1670 1067 1738 vulgo
1084 1669 1225 1740 legebatur:
1247 1683 1278 1714 uer

184 1751 272 1793 tamen
287 1742 397 1859 ubipue:
422 1741 615 1812 rumpentium
629 1741 656 1792 in
668 1741 759 1809 Egnat.
773 1737 923 1791 Commelin.
939 1739 1068 1802 occurrit;
1093 1753 1120 1792 et
1133 1735 1278 1790 babentistad

185 1827 274 1861 omues
294 1829 335 1861 me
347 1811 416 1862 lorea
438 1812 515 1862 etiam
528 1811 616 1862 Pierii.
652 1811 888 1882 rumpentibus,
913 1819 941 1860 ut
962 1819 989 1858 et
1004 1810 1105 1877 Regius
1126 1821 1152 1861 et
1171 1808 1222 1860 ald
1238 1817 1279 1854 ter..

185 1881 223 1948 (et
239 1881 287 1931 Me.
300 1879 372 1930 llosii
390 1881 459 1962 upud
474 1881 545 1932 Gort.
564 1881 598 1931 ad
611 1881 708 1931 Lucan.
723 1882 743 1944 1,
755 1880 815 1933 317.
837 1877 924 1944 We),
949 1877 986 1928 eie
1001 1880 1128 1930 convenit
1141 1896 1194 1930 curu
1208 1885 1279 1942 empt.

184 1950 247 1999 Mox
261 1959 357 2020 surget
377 1959 455 2000 etrum
471 1968 486 2000 e
499 1949 652 2000 melioribus
668 1949 825 2018 repositum
850 1947 919 2000 idem
935 1948 986 1998 iam
1003 1949 1101 2016 Egnat.
1115 1944 1278 2000 caunetum

184 2018 245 2068 laiuc
260 2017 316 2098 ¹ulii.
352 2019 458 2100 (surget
479 2018 557 2070 etiam
571 2018 667 2070 Medic.
684 2036 728 2087 ep.
749 2017 859 2085 Foggin.
888 2017 959 2083 Wr.)
994 2017 1099 2082 Ceteri,
1122 2018 1150 2068 in
1169 2012 1278 2068 hialldd.

184 2087 382 2206 tntilli
395 2089 559 2208 iiiidd
575 2084 1279 2228 tietboldi&..littdttltff'tttslt

184 2242 225 2294 pr.
241 2224 340 2276 Zuliclt.
361 2224 404 2276 ed.
424 2227 492 2276 Vsu.
512 2228 567 2279 Eri.
590 2246 606 2278 a
625 2245 658 2277 rn.
677 2243 729 2278 aec.
764 2225 898 2296 defendat
917 2225 959 2276 ed.
975 2225 1088 2277 Mediol.
1124 2225 1278 2280 vinetus

184 2295 288 2362 Meuag.
303 2311 355 2344 aec.
369 2311 385 2344 a
399 2311 433 2344 m.
448 2313 500 2347 eec.
536 2309 592 2346 tam
604 2297 672 2346 Ven.
741 2293 794 2349 449
816 2293 1064 2361 Tamautiquiorea.
1102 2286 1278 2362 Quammeptd

185 2362 298 2414 Nonium
312 2363 339 2414 in
355 2365 478 2417 Grande.
508 2367 576 2416 Tum
590 2363 697 2416 Mentel.
708 2364 777 2427 duo,
794 2365 885 2432 fragm.
899 2363 995 2414 Mureti
1010 2383 1072 2416 cum
1089 2377 1150 2416 octo
1163 2361 1221 2416 aliia.
1240 2363 1279 2410 lt*

185 2433 252 2485 Ven.
266 2432 341 2484 Leid.
361 2433 428 2484 alter
443 2451 459 2484 a
473 2451 507 2486 m.
527 2451 568 2502 pr.
603 2436 702 2486 Gener.
723 2433 780 2496 ed.,
806 2451 855 2485 nec
873 2431 997 2500 displicet
1016 2437 1105 2486 llum.
1129 2428 1278 2486 confit-505

184 2501 238 2555 450
256 2501 362 2554 decedit
375 2502 470 2554 Medic.
486 2513 513 2554 et
529 2503 642 2554 Pieriani
655 2501 782 2553 nonnulli.
802 2505 871 2554 conf.
884 2519 942 2570 sup.
957 2519 980 2552 v.
992 2503 1056 2558 209.
1093 2501 1222 2554 descendit
1231 2500 1279 2548 liot-

185 2571 257 2622 tend.
272 2571 349 2622 alter.
384 2572 501 2640 (decedit
514 2571 592 2623 etiarn
602 2573 662 2624 Ald.
677 2581 755 2635 tert,
772 2585 858 2634 recte3
877 2573 915 2624 sic
927 2571 996 2621 euim
1009 2571 1059 2624 ubi
1070 2575 1141 2634 iam,
1158 2589 1227 2642 quum
1237 2570 1279 2620 iffi·

186 2639 231 2690 ubi
249 2641 437 2708 significamus,
461 2641 540 2692 modo
558 2643 674 2694 futurum
690 2659 747 2693 esee
768 2641 879 2710 aliquid,
902 2659 959 2691 cum
975 2641 1121 2694 Praesente
1134 2639 1243 2707 iungitur:
1260 2643 1279 2682 ⁰¹
1298 2651 1299 2689 t

186 2727 265 2777 eupra
283 2712 465 2778 ve.208.eq.:
489 2711 557 2774 „ubi
580 2711 712 2762 lecerit
732 2720 759 2761 et
774 2711 837 2762 iarn
855 2708 1023 2770 dividit;“
1049 2711 1279 2778 eiclibripraeetat·

187 2777 288 2842 tissimi.
324 2781 372 2830 Ge.
383 2781 428 2844 ΙΙΙ,
440 2780 515 2834 303.τ
534 2797 625 2843 „cum
642 2775 753 2848 frigidus
768 2779 832 2831 olim
846 2780 907 2831 iem
925 2778 1022 2831 cadit
1037 2792 1200 2849 extremoque
1211 2777 1278 2826 iuro-

186 2848 490 2916 rutbquariueauno.“
519 2849 583 2900 ibid.
599 2851 673 2904 336.;
702 2849 792 2912 „Solia
813 2850 847 2900 ed
868 2865 1004 2913 occasum,
1028 2869 1101 2902 curu
1123 2848 1221 2917 frigidus
1237 2857 1298 2893 rm:

188 2934 282 2983 vesper
295 2919 479 2987 Temperat
494 2927 521 2967 et
534 2917 614 2972 saltus
629 2919 685 2970 rel
689 2919 751 2970 icit
766 2919 827 2972 iem
844 2917 1047 2980 resedatum,
1065 2919 1202 2987 Litoraque
1211 2914 1277 2979 uere

186 3002 237 3034 neu
251 2991 443 3037 resonant.“
479 2989 527 3038 Ge.
542 2989 587 3052 IV,
602 2989 677 3042 401.:
696 2988 813 3051 „medios
828 3007 886 3039 cum
900 2985 940 3038 eol
954 2989 1109 3040 adcenderit
1121 2997 1213 3047 tenue,
1227 2983 1277 3032 ΕΜ

187 3053 314 3104 sitiunt
332 3053 431 3106 herbae
445 3067 472 3107 et
484 3057 575 3124 pecori
591 3057 654 3108 iarn
670 3057 770 3124 gratior
784 3057 875 3108 umbra
890 3061 977 3108 eet.⁸‘
1013 3057 1057 3110 Sic
1077 3059 1152 3110 etiam
1166 3073 1216 3106 cam
1227 3066 1276 3100 tot·

187 3123 251 3172 dum
264 3124 313 3173 Ge·
324 3125 355 3186 ΙΙ,
371 3125 447 3178 82L:
466 3127 617 3190 „auctumni
633 3127 681 3178 aub
693 3127 801 3194 frigore,
819 3145 888 3178 curn
906 3123 1013 3192 rapidus
1029 3127 1072 3179 sol
1088 3130 1115 3180 N
1121 3125 1226 3178 ouduu
1236 3117 1277 3168 lit·

187 3209 255 3241 mem
273 3191 457 3261 contingit
483 3194 571 3263 equis,
606 3197 669 3247 iarn
693 3195 871 3262 praeterit
891 3201 1009 3248 aestas.“
1046 3199 1080 3249 Et
1103 3197 1165 3248 dum
1179 3189 1276 3244 morlia

187 3261 318 3322 litteo:
338 3261 426 3324 „dum
442 3280 515 3315 mox
527 3265 652 3316 frondosa
671 3265 854 3316 reducitur
868 3271 980 3317 aeetae.“
1015 3266 1113 3319 Contra
1123 3267 1230 3316 Futurum
1242 3254 1276 3306 ad-

188 3329 275 3380 iicitur
290 3329 426 3397 particulis
442 3351 502 3384 cum
515 3335 584 3397 r'am,
602 3333 648 3384 ubi
660 3346 758 3386 certum
773 3333 918 3404 quoddam,
936 3335 985 3387 sed
996 3337 1137 3396 remotius,
1152 3345 1235 3398 tempu
1245 3341 1275 3374 Ν·

188 3398 323 3468 spicimus:
347 3405 411 3452 Aen.
425 3403 486 3466 XII,
508 3403 583 3456 821.:
605 3399 706 3468 „Cum
729 3403 792 3455 iam
810 3403 947 3455 connubiis
970 3423 1064 3472 pacem
1084 3403 1209 3458 felicibus.
1229 3403 1295 3445 asta.

188 3469 1068 3543 Compoueut‚uumiamlegeeetloederaiungent⁴‘Wr.)
1087 3465 1274 3529 muoteidpr·
1294 3423 1295 3505 i

190 3622 227 3682 eb
249 3622 280 3684 lr.
298 3623 318 3684 l.
344 3623 432 3708 Wr.)
468 3646 521 3687 seu
543 3647 582 3687 ex
602 3627 730 3690 aethere.
771 3631 899 3688 mer-icus
924 3630 982 3690 od.
1003 3653 1033 3706 t,
1058 3636 1086 3694 1.
1127 3629 1161 3688 lu
1183 3617 1294 3709 ulli-l

189 3707 251 3768 vid.
272 3709 311 3768 ad
332 3729 362 3768 v.
381 3709 451 3774 324.
772 3715 834 3778 449
858 3716 921 3794 ipsa
936 3725 1106 3776 structurae
1118 3705 1272 3773 mutationi

232 3793 303 3859 445.
325 3795 356 3853 Si
375 3797 430 3855 rub
449 3805 550 3856 ortum
565 3799 617 3857 Sol
631 3799 730 3859 medio
771 3801 937 3860 orationem
949 3801 1127 3880 exquisitam
1138 3787 1272 3858 faemo-
1292 3789 1293 3870 l

190 3877 263 3936 orbe
290 3879 449 3940 obscurato
484 3882 586 3942 radios
610 3904 730 3963 quaque
772 3887 823 3944 des
830 3907 839 3962 5
867 3885 981 3965 grando
1000 3887 1125 3966 ingruit,
1153 3893 1180 3940 et
1195 3873 1293 3937 ortulil

190 3981 294 4022 versus
304 3967 438 4026 exterius
447 3968 597 4046 sparserit.
616 3969 730 4030 Plinius
771 3975 921 4048 crepitans
939 3974 1012 4030 salit
1029 3991 1102 4051 pro,
1135 3965 1221 4026 cadit:
1246 3954 1292 4012 d'..

191 4043 211 4101 l·
226 4065 251 4104 c.
290 4051 325 4107 Si
345 4055 377 4108 in
397 4065 498 4110 exortu
516 4055 605 4130 longe
627 4056 729 4114 rudius
771 4055 845 4115 Aen.
860 4057 895 4131 V,
913 4055 986 4121 458.
1007 4055 1079 4122 459.
1104 4051 1174 4135 (tam
1189 4023 1292 4115 114445

188 4147 245 4202 per
253 4131 344 4190 nubes
352 4140 495 4214 porriget,
508 4150 536 4196 et
547 4137 665 4198 nudius
676 4143 731 4198 erit
770 4142 790 4200 i.
807 4161 832 4200 e.
851 4162 921 4200 nam
939 4141 1085 4220 plurium
1105 4137 1163 4198 vid.
1176 4133 1207 4192 td
1219 4129 1267 4186 3²¹¹·

192 4211 299 4287 mam,
309 4220 450 4290 pluviam
462 4221 654 4300 immede.
667 4225 730 4284 vn.
772 4227 846 4300 xn,
867 4230 940 4290 neo.
984 4227 1033 4286 sie
1052 4227 1135 4284 eum
1161 4219 1224 4280 ue·
1239 4227 1266 4264 τι

191 4293 302 4354 Aratus
313 4299 436 4363 Diosem.
450 4309 587 4370 97-99
607 4317 638 4366 et
659 4310 729 4374 152.
773 4312 844 4376 505-
859 4332 902 4389 sq.
929 4309 1019 4394 Wr.)

193 4374 263 4437 447·
275 4379 348 4440 Cum
363 4385 417 4444 lux
428 4391 525 4448 oriens
537 4392 594 4450 erit
607 4395 729 4471 pallida,
814 4397 886 4461 450.
909 4397 941 4454 Si
960 4397 1029 4456 eabe
1048 4395 1108 4454 orbi
1122 4395 1265 4470 prtem&

193 4459 305 4532 dfffl¹d⁰
317 4464 443 4543 ingruet.
478 4475 588 4534 Versus
605 4487 650 4538 est
662 4479 730 4539 110-
772 4489 825 4540 tur
839 4482 934 4542 nubea
947 4483 1062 4558 variae,
1080 4479 1167 4558 nigro
1177 4469 1264 4528 dmut-
