2710 4998
315 371 416 447 PER
441 370 615 448 ANNOS
641 371 864 451 DIGESTA
1053 397 1146 450 cunr

49 579 85 618 sos
93 557 227 622 dedum
238 561 389 638 instituit,
412 563 548 642 ingentes
561 581 616 642 per
628 562 746 624 ltaliam
759 565 881 642 tumbas,
908 565 1021 646 purtim
1032 587 1146 644 eorum,

47 645 86 722 qul
96 647 316 724 ponessiombus
329 651 391 709 suis
412 648 624 724 eiioiebantur,
649 647 866 729 indignatione,
887 651 998 732 partim
1017 653 1148 714 militum

45 731 127 790 ellreui
143 733 304 813 cupiditate
324 743 357 794 et
377 734 524 810 audacia,
553 734 591 793 de
613 754 672 814 qua
698 735 760 798 vid.
780 738 906 817 Appian.
924 759 954 819 p.
975 741 1058 804 1082
1072 761 1147 820 Νη,

46 817 145 876 lienem
164 821 241 880 Cass
261 820 380 894 XLVII,
399 824 448 884 17.
461 819 564 882 Vellei.
584 819 621 896 Il,
635 819 686 896 74,
703 821 830 884 excitari
844 823 935 883 ridet
978 823 1048 898 Qus
1063 825 1101 884 de
1113 845 1148 886 re

44 901 91 962 rid
102 906 314 983 Argumentum
326 906 388 966 Eol
400 905 423 966 l.
436 906 589 966 Latissime
601 915 702 974 autem
715 908 867 968 oalsmitas
879 909 930 968 illa
942 919 973 969 et
986 909 1026 970 ad
1039 931 1148 990 quam-
1240 981 1245 988 ‚

43 988 165 1067 plurimos
179 993 334 1072 pertinere
356 991 474 1068 debuit,
501 992 545 1050 ita
556 1000 593 1051 ut
605 993 753 1052 maximae
767 995 960 1055 fortunarum
974 997 1149 1056 conversio-

43 1093 81 1132 nes
95 1076 340 1156 imequerentur3
361 1077 445 1138 uude
466 1077 658 1138 etAutouius
677 1079 759 1159 apud
774 1079 943 1160 Appianum
957 1102 986 1160 p.
1004 1083 1085 1148 1075
1098 1083 1149 1142 di·
1236 1101 1237 1104 ’
1274 1093 1287 1110 ·

43 1179 93 1219 oere
107 1164 220 1242 potuit,
252 1163 457 1224 Octavianum
476 1163 508 1223 iu
522 1162 640 1224 Italiam
658 1163 732 1241 isse,
754 1165 779 1224 si
793 1185 841 1225 res
856 1166 1048 1244 dioendasit,
1069 1177 1149 1229 tam-

42 1265 111 1322 quam
122 1270 239 1309 omne·
254 1250 372 1310 ltaliam
387 1249 509 1310 sedibus
522 1249 583 1309 suis
595 1259 782 1326 emoturum,
805 1245 987 1333 ἆναστήσων
1001 1249 1058 1333 τήν
1068 1247 1148 1316 'Iru-

40 1333 100 1394 ttn.
138 1335 198 1396 Vix
216 1337 299 1396 enim
320 1345 424 1396 estex
448 1353 483 1394 es
506 1344 603 1396 astate
624 1344 729 1416 poeta,
758 1346 812 1398 aut
836 1338 981 1418 scriptor,
1018 1339 1069 1416 qui
1087 1360 1150 1398 non

41 1421 168 1480 ommi
185 1421 275 1480 clade
288 1421 430 1483 afflictum
443 1441 474 1481 se
486 1430 641 1482 memoret.
685 1419 764 1482 Hinc
775 1421 884 1482 Tibulli
888 1424 974 1502 felix
988 1423 1150 1503 quondam,

41 1506 1150 1657 ffiidspdaierisddiari⁹da²03dndrddio1leiidsniididrdddd

243 1638 253 1668 2
296 1638 305 1669 Ι
1138 1641 1147 1671 l

42 1675 148 1736 mid
169 1680 312 1738 exmdtns
331 1681 448 1758 partibo
467 1681 559 1737 urstis
581 1699 660 1756 opes.
704 1679 782 1739 Dum
806 1677 934 1754 Fulvio,
963 1679 1003 1741 M.
1025 1679 1153 1742 Antonii,

41 1779 115 1838 uuor,
135 1765 329 1824 coloniarum
351 1763 561 1824 deductionem
579 1764 613 1822 in
625 1763 684 1824 viri
698 1763 864 1824 adventum
878 1765 1072 1828 differendam
1088 1787 1150 1827 esse

42 1849 186 1910 contendit:
208 1851 245 1912 L.
267 1848 434 1926 Antonius,
462 1849 557 1909 Marci
580 1850 692 1924 frater,
723 1851 847 1928 Consul,
869 1871 965 1912 novas
986 1865 1017 1912 et
1027 1855 1090 1935 ipse
1102 1873 1150 1913 res

43 1933 156 2011 unitur,
178 1945 211 1996 et
227 1935 342 2017 partim
355 1935 407 2010 iis,
429 1936 481 2013 qui
494 1935 625 2014 praediis
639 1945 670 1994 et
681 1936 757 2014 agris
775 1937 837 1996 suis
850 1937 1041 2016 exciderant,
1062 1959 1150 2020 opem

41 2039 106 2078 susm
121 2021 310 2101 pollioendo,
339 2021 451 2102 partim
464 2022 618 2081 Caesarem
631 2021 671 2080 ad
683 2030 842 2082 veteranos
857 2024 1061 2102 criminando,
1083 2045 1150 2084 ma-

41 2124 112 2184 guum
123 2108 295 2168 exereitum
312 2115 484 2186 comparat,
506 2107 677 2186 bellumque
690 2106 721 2166 in
736 2107 890 2168 Caesarem
902 2119 1014 2172 moret.

106 2191 138 2252 ln
162 2193 216 2254 illa
248 2192 366 2274 agreria
393 2192 552 2272 largitione
581 2191 754 2276 (nonenim
777 2193 924 2254 adaliam
944 2195 1025 2256 trahi
1048 2216 1150 2278 posse,

41 2295 198 2358 quamquam
215 2299 268 2340 res
284 2278 465 2360 probatione
485 2279 541 2348 vix
561 2288 642 2358 eget,
668 2279 789 2360 Russus
810 2281 953 2361 probarit
978 2281 1019 2340 ad
1036 2282 1152 2361 Virgilii
1234 2351 1239 2364 Ι

41 2363 120 2424 Vitem
131 2365 207 2448 713)
224 2367 318 2425 etiam
340 2365 480 2444 Virgilius
499 2385 585 2444 agros
600 2384 670 2424 suos
683 2374 826 2445 paternos
843 2367 949 2427 amisit.
992 2367 1055 2427 Etsi
1072 2369 1161 2427 enim·

41 2447 172 2512 hnmani
189 2451 271 2512 nibil
281 2451 315 2510 in
332 2451 519 2511 Triumviros
532 2450 753 2512 commiserant:
775 2471 881 2530 magna
895 2462 997 2512 tamen
1011 2473 1152 2532 agrorum

41 2557 143 2596 morum
158 2549 251 2618 parte
271 2536 394 2597 multati
413 2543 500 2612 sunt,
530 2537 687 2616 quoniam,
717 2543 754 2598 ut
774 2537 875 2612 aiunt,
899 2539 1152 2614 Cremonensium,

41 2621 80 2698 qni
93 2623 173 2684 Bruti
194 2633 227 2684 et
249 2623 342 2683 Cassii
363 2631 464 2703 partes
478 2623 597 2701 sequuti
615 2631 717 2698 erant,
741 2623 803 2702 agri
816 2624 978 2704 proscripti
990 2633 1153 2684 veterano-

42 2725 93 2766 rum
112 2707 307 2786 cohortibus,
329 2727 406 2787 quae
423 2728 457 2768 eo
478 2707 624 2769 deductae
644 2717 748 2783 erant,
777 2729 840 2768 non
860 2709 1066 2788 sufficiebant5
1096 2709 1154 2768 alia

43 2811 123 2852 esum
134 2796 240 2857 editur
255 2794 337 2876 apud
350 2793 546 2874 Pomponium
560 2795 629 2855 Sab.
648 2793 688 2854 ad
700 2793 775 2854 Aen.
797 2794 915 2870 1x‚28‚
937 2797 1016 2856 forte
1030 2815 1069 2854 ex
1082 2797 1154 2854 Ser-

43 2877 1154 3048 ttl‘tlttnttfflttl‘vigit-‘tttlld‘tlltltt'tilii

44 3049 199 3114 lbualitne
220 3073 309 3132 agros
329 3073 399 3112 suos
421 3053 583 3132 recepisse,
613 3074 682 3114 cum
707 3060 808 3113 autem
826 3051 982 3112 Mantuam
1007 3053 1153 3128 rediisset,

43 3155 133 3198 msam
151 3149 368 3199 veteranorum
389 3139 530 3200 iniuriam
554 3149 713 3218 expertum
733 3157 811 3214 esse,
839 3157 878 3197 ex
902 3139 1043 3220 Eclogal
1064 3149 1095 3200 et
1108 3139 1153 3198 1x

43 3223 97 3280 ntis
117 3235 251 3304 apparet.
304 3225 469 3284 confirmat
490 3223 637 3284 Martialis
664 3223 746 3300 Vlll,
768 3225 810 3290 56
842 3227 956 3302 Iugera
979 3225 1155 3304 perdiderat

44 3303 188 3394 (Virgilius)
206 3315 335 3370 miserae
357 3313 459 3370 vieriae
486 3311 664 3386 Cremonae,
693 3309 802 3370 Flebat
821 3322 850 3368 et
871 3309 1017 3370 abdawtas
1036 3313 1154 3390 Tityrus

44 3411 117 3469 aeger
138 3417 219 3455 oves.
245 3398 329 3454 Riss't
352 3399 467 3456 limem
488 3417 577 3476 eques
603 3407 659 3456 etc.
703 3397 864 3456 Videamus
882 3417 965 3458 nuno
991 3415 1041 3473 ea,
1077 3415 1154 3476 quae

45 3479 279 3556 tGrammaticis,
302 3481 445 3561 pleraque
459 3481 520 3542 lide
532 3481 662 3558 incerta,
684 3482 859 3544 traduntur.

111 3567 140 3625 si
155 3567 308 3628 Servianis
319 3567 435 3628 laciniis
447 3567 487 3627 ad
499 3568 560 3628 Eol.
576 3569 630 3645 lX,
644 3571 666 3632 7
681 3567 756 3628 fides
775 3565 929 3641 habenda,
951 3562 1041 3624 iubis
1053 3563 1155 3622 ltaliae

45 3650 159 3724 potibus
183 3655 332 3713 Octavum
357 3657 473 3730 Musa,
498 3654 644 3714 ls'mitator
660 3653 700 3712 ab
721 3658 862 3734 Augusto
880 3649 1155 3728 daem-qainde-

46 3737 91 3792 cim
101 3739 195 3798 ms'lle'a
204 3756 358 3818 passuum
375 3743 447 3818 agri
459 3743 630 3800 Mantuam'
639 3739 783 3800 militibus
798 3737 962 3818 assignarat
970 3779 979 3810 ,
1000 3755 1070 3793 oum
1085 3733 1155 3793 as-

48 3826 173 3881 umensis
186 3846 247 3884 non
260 3823 429 3905 sufficeret;
453 3825 584 3906 efferrens
598 3847 618 3884 a
635 3827 837 3897 Mantuam,
862 3821 946 3902 quod
961 3840 1071 3898 peoora
1093 3822 1156 3878 eiua

49 3905 154 3984 dogm
171 3909 297 3988 publico
317 3911 485 3990 aliqwsdo
509 3911 695 3970 clausissent.
742 3911 883 3970 Alienum
912 3915 1015 3966 tamm
1041 3903 1156 3965 Varum

49 3999 204 4055 murem
224 3995 288 4054 edit
311 3995 369 4059 alia
387 3997 420 4055 in
444 3996 547 4056 iisdem
568 3995 709 4069 alterius,
739 4006 776 4058 ut
794 3993 919 4054 videtur
929 4036 938 4068 ,
961 3989 1156 4051 Grammatici

50 4071 135 4136 bum
154 4081 194 4138 ad
217 4101 248 4142 v.
271 4083 311 4144 10
343 4081 434 4159 Quod
453 4083 512 4140 alsi'
530 4083 634 4141 ἅίοιιηι
660 4083 828 4158 Vergiliano
848 4077 996 4137 ostendere
1013 4077 1152 4151 volebas,

53 4163 116 4235 qud
127 4167 377 4242 Haruuorusper
387 4169 576 4246 issiqsts'totem
591 4166 728 4244 Alphem'
745 4167 841 4238 Vari,
867 4165 921 4244 qui
933 4181 1024 4241 agros
1039 4161 1153 4236 divisit,

51 4261 148 4317 ΜΠ
161 4253 315 4328 palamne
335 4250 415 4310 ninii
430 4253 565 4314 relictum
583 4255 640 4326 εἰη
663 4254 741 4310 siout
762 4272 800 4309 es·
823 4250 955 4307 oratsone
976 4247 1105 4306 (dometii
1124 4247 1157 4303 sis

56 4331 204 4406 ᾹρΙιαυωι
225 4335 409 4394 assemano.-
439 4337 536 4414 „Cum
553 4337 651 4398 iussus
670 4335 730 4394 tria
748 4333 849 4402 millia,
864 4353 968 4416 passus
989 4351 1107 4391 smuro
1124 4330 1157 4388 in

58 4411 170 4484 affirm
181 4419 368 4500 relinquere,
389 4431 426 4482 ut
440 4423 625 4506 octingentos
636 4439 742 4504 passus
755 4439 869 4502 aquae,
899 4438 960 4500 qus
971 4415 1157 4478 circumdata

93 4517 237 4600 Vmou.
264 4523 372 4598 Tou.
389 4520 419 4598 l.
920 4513 949 4590 h
