2816 4990
180 399 228 452 nx
535 376 944 502 PRAEFATIO

181 577 279 642 tum.
331 471 390 639 Ad
402 561 544 642 Medic.
558 579 691 659 vertex,
715 572 874 642 uertitur.
928 563 969 638 si
988 591 1187 654 marumus,
1200 578 1312 664 optu-
1396 589 1400 616 ³

181 695 278 744 must
303 664 477 742 debebat
499 668 618 744 etiam
643 691 728 744 esse
741 676 952 770 pluruma,-
977 669 1008 742 si
1022 675 1193 762 amanis,
1221 695 1311 743 coa-
1398 675 1400 722 l

123 803 127 816 ·
175 797 320 872 pagan,
346 777 520 850 inmunia:
548 795 618 847 cur
636 795 719 847 non
740 785 780 848 et
798 773 1003 848 cormunis?
1029 771 1247 848 counradus?
1275 771 1311 844 si
1399 865 1400 872 ἵ

181 877 340 972 aubptat:
367 897 438 948 cur
450 895 536 949 non
551 876 730 975 suhptax?
765 877 867 950 Sunt
886 873 976 971 alia,
1003 873 1203 976 inquibus
1218 898 1312 949 ma-

182 973 373 1052 nifestum
394 975 494 1052 mihi
519 975 583 1076 fit,
618 977 862 1054 deteriorem
882 978 1080 1054 rationem
1101 999 1177 1078 pro
1194 977 1313 1051 anti·
1399 1025 1400 1040 .

184 1081 325 1180 quiore
343 1078 461 1178 vulgo
482 1078 631 1160 haberi.
683 1083 849 1160 Veteres
870 1080 1042 1159 Romani
1056 1080 1103 1160 aa*
1117 1113 1140 1158 υ
1155 1077 1314 1155 ertule-
1399 1107 1400 1132 ι

182 1195 277 1258 runt
301 1207 376 1282 per
395 1209 421 1257 u
444 1182 587 1280 breve,
626 1185 929 1285 pronuntiatum
960 1196 1005 1260 ut
1036 1181 1241 1258 Gallorum
1273 1213 1313 1278 u,
1399 1207 1400 1252 2

182 1285 425 1384 grammatici
442 1285 612 1363 intulere
628 1317 675 1386 y,
701 1286 869 1383 indocti,
896 1299 963 1362 aut
982 1283 1089 1362 forte
1114 1286 1182 1387 qui
1198 1284 1315 1376 docti
1399 1312 1400 1338 l

183 1388 256 1464 sibi
280 1413 365 1464 esse
387 1388 643 1488 videbantur,
673 1404 719 1466 ut
739 1392 780 1466 in
803 1402 941 1466 nostro
964 1411 1151 1466 sermone
1165 1413 1314 1466 verna-

184 1491 292 1588 culo,
325 1493 517 1593 scripsere
537 1501 559 1572 r'.
582 1501 733 1570 iactura
754 1519 847 1572 vera
875 1491 1075 1569 scribendi
1107 1492 1206 1567 ratio
1235 1505 1314 1588 est,

183 1619 268 1670 non
286 1594 450 1692 inclytus
469 1609 509 1672 et
524 1596 691 1674 inclitus.
717 1603 919 1690 hemmae,
945 1619 1030 1671 non
1056 1591 1250 1698 lacrymae
1268 1607 1315 1671 et
1399 1631 1400 1674 i

184 1695 377 1775 lacrimae.
429 1703 556 1775 Porro
572 1723 657 1775 non
671 1699 797 1776 modo
812 1699 1020 1778 deterioris
1033 1699 1136 1796 aevi,
1162 1721 1312 1774 verum

183 1801 263 1876 iam
287 1799 511 1898 Catulliani,
543 1820 590 1878 ut
616 1827 639 1880 e
662 1803 822 1899 Quintil.
844 1806 929 1900 ts,
943 1812 995 1883 20
1011 1814 1183 1896 constat,
1199 1811 1313 1904 'pro-
1394 1840 1398 1851 ·

183 1904 378 1979 nuntiatio
402 1932 423 1980 a
442 1905 483 1980 in
508 1907 553 1982 ih
574 1907 740 1982 mutavit
761 1907 801 1982 in
822 1905 1040 2008 plerisque:
1066 1905 1184 1981 scribi
1200 1903 1311 1980 adeo
1398 1983 1399 1986 ,

185 2008 319 2106 coepit
340 2013 552 2106 lachryma,
587 2017 765 2104 anchora,
798 2017 971 2110 pulcher,
999 2015 1207 2113 pulchrior,
1248 2037 1314 2084 se·
1394 2083 1400 2094 ,

178 2116 382 2210 pulchrum.
433 2114 559 2188 Recte
576 2111 787 2213 adspiratio
805 2115 846 2188 in
863 2113 924 2188 his
948 2120 1007 2188 est
1028 2111 1203 2213 expulsa;
1230 2135 1312 2186 eo-

185 2212 282 2289 dem
301 2224 438 2290 tamen
457 2215 543 2292 iure
565 2216 681 2291 scribi
705 2215 898 2293 debuerat
912 2224 1062 2316 pulcer,
1097 2228 1153 2312 et,
1179 2214 1211 2288 si
1235 2237 1312 2290 ve·
1395 2235 1400 2304 3,

183 2341 270 2392 ram
286 2316 488 2419 antiquam
513 2319 711 2394 rationem
728 2343 884 2396 servare
897 2318 1075 2416 volebas,
1096 2323 1234 2418 pother,
1261 2329 1313 2393 ut

182 2425 393 2520 Karthago.
447 2425 613 2502 Veteres
634 2424 805 2500 Romani
822 2431 876 2499 tia
898 2447 1106 2524 nunquam
1124 2445 1312 2523 pronun-

183 2523 330 2598 tiarunt
344 2532 482 2601 utria:
508 2551 592 2626 quo
604 2525 690 2602 iure
710 2533 873 2624 nuncius,
893 2535 1082 2626 precium,
1110 2539 1150 2600 et
1165 2523 1312 2600 similia

183 2626 416 2705 scribimus?
441 2629 588 2706 scilicet
605 2654 650 2705 er
667 2631 816 2706 seriore
837 2629 1172 2731 pronuntiatione.
1225 2631 1310 2704 Ite·
1398 2673 1400 2719 ;

182 2756 275 2806 rum
298 2743 447 2808 certam
469 2733 666 2809 rationem
686 2757 809 2810 nemo
832 2733 1010 2834 sequitur
1031 2733 1071 2807 in
1086 2730 1224 2806 litteris
1237 2752 1310 2828 ge·
1399 2779 1400 2824 ,

182 2833 397 2913 minandis:
425 2843 531 2938 litus,
558 2844 682 2931 litera,
709 2837 916 2912 scribimus
928 2834 1052 2927 forte3
1080 2847 1119 2909 at
1136 2859 1207 2910 cur
1221 2857 1309 2908 non
1398 2883 1400 2926 ,

184 2950 224 3013 et
241 2939 375 3014 belua?
401 2941 509 3016 aeta?
535 2942 610 3016 tte?
640 2944 807 3018 Veteres
825 2939 992 3015 omnino
1010 2937 1149 3014 Graeci
1164 2950 1207 3013 et
1222 2939 1310 3014 Ro·
1397 2987 1400 3030 ,

57 3079 61 3090 ι
181 3040 291 3114 mani
316 3064 396 3115 una
419 3041 549 3117 littera
580 3041 822 3140 scribebant,
864 3042 1190 3142 pronuntiatione
1217 3065 1308 3116 eam
1399 3099 1400 3124 ,

181 3141 454 3240 geminabant:
487 3143 599 3249 quod
617 3145 648 3220 si
672 3145 798 3222 semel
811 3145 1013 3247 antiquam
1028 3145 1228 3220 rationem
1244 3168 1309 3220 se·
1399 3197 1400 3242 3

183 3245 335 3346 queris,
364 3269 409 3320 ea
421 3247 627 3348 sequenda
644 3249 719 3323 erit
735 3249 776 3326 in
799 3247 1005 3345 omnibus,
1041 3247 1249 3349 adeoque,
1276 3248 1309 3323 si

182 3353 298 3445 baca,
325 3349 444 3424 etiam
459 3379 571 3448 vaca,
598 3355 737 3430 ὀαοὶπα.
791 3353 832 3427 si
850 3364 995 3453 poetae
1012 3349 1161 3427 litteras
1178 3352 1309 3448 gemi-

182 3463 298 3550 nant,
333 3465 379 3528 ut
398 3451 543 3550 syllaba
564 3453 825 3555 producatur,
852 3455 1042 3556 scriptum
1064 3453 1198 3530 videas
1210 3477 1310 3554 pro-

180 3557 333 3633 miscue
354 3571 525 3656 quatuor,
555 3564 720 3658 relligio,
756 3570 795 3633 et
816 3563 1001 3658 Iuppiter,
1034 3556 1114 3633 hoc
1134 3555 1312 3633 alterum

183 3660 301 3735 etiam
320 3685 552 3762 perperam,
588 3685 682 3736 nam
704 3659 874 3761 primam
897 3661 938 3736 in
958 3666 1097 3761 Iupiter
1106 3683 1313 3762 nusquam

182 3777 407 3864 correptam
433 3764 531 3861 vidi,
566 3777 606 3840 et
630 3778 689 3840 est
708 3777 906 3840 contracta
926 3785 1002 3840 vox
1017 3789 1063 3840 ex
1078 3764 1312 3865 Iovispater.

179 3875 315 3942 rettulit
327 3867 489 3944 indocte
503 3869 631 3964 scribi,
660 3865 796 3942 docuit
810 3871 866 3946 10.
882 3866 1088 3943 Schrader.
1126 3871 1313 3962 Quanto-

180 3993 278 4070 pere
293 3967 457 4046 fluctuat
469 3972 659 4072 scriptura
676 3971 717 4045 in
734 3969 1010 4072 sequentibus:
1033 3997 1179 4069 sequor,
1204 3999 1313 4047 sacu-

179 4086 254 4150 tur:
281 4097 351 4149 cur
363 4097 447 4150 non
462 4099 589 4177 aeque
599 4075 792 4174 sequutus?
816 4101 922 4173 quum
931 4097 1007 4174 pro
1023 4098 1127 4167 cum,
1156 4081 1315 4151 etcua'us

182 4201 229 4251 ex
252 4177 357 4278 quis;
393 4203 470 4280 qua
491 4176 656 4254 tandem
676 4177 831 4252 ratione
860 4181 1027 4253 obtunsus
1047 4175 1312 4253 scribendum

181 4277 340 4378 dixeris,
367 4282 399 4356 si
423 4287 590 4383 amfusus
615 4278 824 4362 scribitur?
851 4291 916 4354 aut
937 4307 1144 4380 praegnas,
1173 4281 1207 4354 si
1225 4309 1312 4356 aaa·
1399 4365 1400 4372 .

180 4384 293 4462 tuna?
319 4386 678 4463 Grammaticorum
702 4395 742 4457 et
756 4382 988 4484 sequiorum
1011 4393 1187 4460 aetatum
1202 4381 1311 4460 ludi-
