2710 4998
213 405 313 458 cxm
427 381 468 459 r.
495 381 712 459 vmcnn
736 349 973 460 unicus
1000 384 1124 462 vna

151 561 157 576 '
211 573 252 632 ad
265 592 333 633 eum
350 573 426 632 solet
444 572 506 632 ecl.
528 572 577 648 ΙΙΙ,
592 575 634 638 90
662 573 725 650 Qui
737 573 876 632 Bovium
893 595 954 632 non
963 575 1045 651 odit,
1068 588 1217 634 amoma
1231 579 1327 634 oanni

210 679 270 734 aa,
295 660 425 719 Maeui!
446 659 500 720 ubi
513 659 592 718 conf.
606 657 771 738 Philargyr.
785 667 816 718 et
826 659 948 720 Domitii
964 681 1083 738 versiae,
1114 681 1192 740 quoe
1211 661 1260 720 ille
1272 661 1328 720 lau·

211 744 273 806 dat.
296 744 371 806 Vide
385 745 417 804 in
431 743 555 805 Anthcl.
569 745 654 805 Tom.
667 745 689 822 Ι,
704 765 771 825 pag.
785 745 858 810 456.
976 787 979 802 ι

657 897 704 974 U.
732 897 774 975 G.
799 904 888 978 729.

366 1056 430 1130 cn.
453 1055 633 1126 Domitius
653 1052 926 1130 Ahenobarbus.
983 1057 1023 1129 C.
1045 996 1181 1142 Sosius.

481 1199 517 1248 a.
536 1175 575 1249 C.
593 1179 654 1250 82.
712 1175 858 1270 Virgilii
877 1179 1059 1250 38-39.

293 1311 466 1374 Inimicitiae
476 1313 557 1374 inter
570 1313 725 1371 Caesarem
736 1321 767 1371 et
780 1311 820 1370 M.
834 1310 1002 1371 Antonium
1014 1311 1054 1371 ad
1066 1311 1182 1372 bellum
1193 1321 1325 1394 apertam.

207 1397 307 1478 Magni
326 1399 468 1478 utrinque
484 1407 661 1480 apparatus,
684 1397 722 1458 de
741 1397 850 1477 quibus
865 1417 970 1458 versus
991 1399 1043 1458 Ga.
1056 1399 1079 1474 l,
1094 1401 1159 1464 509
1175 1420 1238 1478 sqq.
1254 1418 1324 1478 agere

205 1484 365 1544 videntur:
393 1487 480 1544 How
498 1497 595 1544 ntovel
618 1484 807 1563 Euphrates,
838 1483 923 1542 zttow
942 1485 1109 1543 &mannua
1123 1483 1252 1558 bellum
1277 1487 1324 1545 Vi-

206 1574 293 1630 co'oae
310 1573 407 1648 naplis
426 1573 502 1629 inm
521 1593 552 1629 ae
571 1569 689 1648 legalius
711 1569 794 1628 urbes
808 1569 906 1628 Arma
916 1568 1040 1647 serunt,
1062 1573 1162 1630 saevit
1174 1583 1233 1630 toto
1247 1573 1324 1630 Mara

206 1659 318 1734 tropica
333 1655 407 1716 orbe.
450 1654 509 1716 Alii
521 1675 627 1717 versus
640 1655 680 1716 ad
690 1676 716 1714 a.
729 1659 792 1720 717
806 1655 952 1716 referunt.

656 1807 703 1884 U.
732 1805 775 1884 C.
801 1811 889 1885 725.

292 1963 432 2035 Caesar
451 1963 672 2036 Octauianus
688 1963 764 2037 111.
817 1963 871 2035 M.
896 1961 1061 2032 Valerius
1076 1961 1251 2036 Messala.

485 2104 518 2158 m
540 2085 579 2158 C.
594 2088 655 2159 31.
713 2083 859 2178 Vergilii
879 2081 1056 2156 39-40.

288 2219 391 2300 Pugna
416 2220 499 2300 apud
527 2220 674 2298 Actium,
703 2220 788 2300 Epiri
811 2220 1067 2300 promontorium,
1097 2239 1124 2278 a.
1140 2219 1174 2282 d.
1195 2220 1235 2280 tv
1255 2219 1318 2278 Non.

202 2306 377 2386 Septembr,
394 2308 479 2367 cuias
498 2307 655 2388 magnifica
667 2307 720 2366 illa
735 2315 781 2365 est
800 2307 833 2365 in
848 2314 935 2365 scuto
954 2302 1071 2363 Aeneae
1086 2303 1250 2387 descriptio
1260 2305 1317 2364 Aen.

201 2391 276 2469 Vlll,
292 2397 352 2457 671
370 2413 443 2472 sqq,
456 2393 512 2454 ubi
524 2393 587 2454 vid.
598 2393 666 2454 Not.
687 2391 728 2452 M.
743 2391 894 2451 Antonius
905 2391 1004 2452 victus
1018 2390 1051 2449 in
1064 2389 1237 2472 Aegyptum
1248 2393 1317 2471 fugit.

291 2480 459 2560 Virgilium
488 2482 574 2560 sequi
607 2481 735 2540 vollare
763 2478 938 2557 Argiuam
964 2489 1067 2536 contra
1092 2477 1260 2538 :attonitam
1284 2475 1319 2534 od

200 2563 332 2624 Acta'azca
344 2561 424 2624 bella
440 2578 667 2644 properantem,
697 2566 738 2624 ait
755 2563 861 2643 aliquis
873 2563 906 2622 in
920 2563 1069 2622 Servianie
1085 2563 1126 2622 ad
1138 2563 1205 2626 Ecl.
1220 2565 1263 2638 ΙΙΙ,
1276 2561 1316 2636 74,

199 2650 326 2724 scilicet,
356 2651 611 2729 quemadmodum
642 2650 788 2711 Horatius
820 2649 986 2710 Maecenati
1012 2668 1110 2708 comes
1129 2669 1196 2710 esse
1213 2649 1316 2712 volebat

199 2736 330 2817 cpont

648 2869 695 2948 U.
722 2869 765 2946 C.
791 2873 884 2948 724..

307 3009 447 3082 Caesar
466 3009 761 3084 OctauioouaIV.
817 3010 870 3082 Μ.
887 3009 1046 3080 Liciniam
1062 3007 1228 3084 &ossam

465 3155 500 3205 a.
526 3133 564 3206 C.
579 3137 640 3208 30.
698 3131 844 3227 Vergilii
869 3131 1059 3204 40-41.

283 3265 390 3323 Caesar
405 3275 473 3346 post
485 3267 638 3329 Actiacam
651 3289 783 3348 pugnam
795 3287 864 3328 cum
877 3269 1000 3327 Samum
1012 3265 1143 3326 insulam
1157 3268 1191 3327 in
1203 3265 1313 3326 hibern

196 3367 227 3406 se
246 3351 421 3429 recepisset,
449 3354 590 3414 turbatus
612 3355 726 3415 nuntiis
748 3355 786 3413 de
811 3353 958 3414 seditione
977 3353 1122 3428 militum,
1154 3373 1231 3431 quos
1250 3369 1313 3410 con-

194 3435 272 3494 iecta
295 3435 423 3498 victoria
444 3437 637 3508 Brundisium
661 3441 874 3522 praemiserat,
901 3437 1113 3499 media'hieme
1133 3440 1243 3519 repetit
1261 3437 1312 3494 lta-

194 3521 279 3598 liam,
309 3532 487 3604 tempestate
505 3526 536 3585 in
559 3527 690 3587 traiectu
706 3527 753 3586 bis
775 3525 973 3586 conflictatus.
1015 3527 1078 3586 Nec
1096 3526 1225 3604 amplius
1236 3541 1312 3603 quem

194 3605 310 3669 xxvlt
338 3609 401 3670 dies
427 3613 581 3672 Brundisii
608 3621 811 3672 commoratus
839 3613 873 3672 in
898 3612 999 3671 Asiam
1033 3611 1210 3672 revertitur.
1252 3605 1312 3668 [nde

193 3696 300 3772 spretis
315 3693 438 3757 Antonii
454 3708 484 3758 et
499 3699 672 3780 Cleopatrae
683 3697 897 3778 legationibus,
919 3697 1088 3778 Aegyptum
1106 3697 1201 3778 petit,
1222 3696 1310 3756 obsea-

193 3799 283 3857 eaque
302 3781 502 3863 Alexandria,
531 3805 592 3865 quo
614 3785 766 3848 Antonius
787 3793 818 3844 et
829 3785 987 3865 Cleopatra
1004 3785 1219 3864 confugerent,
1239 3775 1311 3840 brevi

161 3895 165 3906 ·
191 3866 307 3945 potitus
319 3879 373 3928 eat.

276 3951 382 4031 Itaque
403 3955 537 4016 namatio
556 3957 607 4015 illa
628 3955 739 4016 Donati
757 3955 828 4016 vita
851 3953 968 4034 Virgilii
985 3951 1018 4036 §.
1041 3954 1083 4020 42
1110 3953 1148 4014 de
1165 3947 1310 4034 praelectis

191 4036 311 4097 Caesari
323 4039 438 4099 Atellae
461 4041 651 4101 decumbenti
665 4041 816 4120 Georgicis
831 4041 947 4101 nullam
959 4040 1051 4101 fidem
1066 4039 1166 4102 habet.

275 4123 412 4206 Aegypto
435 4127 468 4185 in
486 4128 659 4206 provinciae
686 4129 814 4188 sormam
834 4127 976 4195 redactae
994 4127 1166 4188 Cornelium
1193 4123 1308 4192 Gallum,

190 4209 320 4287 equitem
335 4213 380 4286 n,
395 4211 581 4272 Praefectum
597 4213 681 4274 dedit
689 4236 698 4292 5
720 4212 758 4271 de
774 4233 834 4292 quo
849 4213 913 4274 vid.
927 4213 1042 4274 adEcl.
1062 4215 1093 4272 X
1107 4222 1138 4271 et
1150 4211 1200 4285 Vl,
1210 4207 1307 4273 6472·

189 4295 352 4356 Fontanini
364 4296 434 4356 hist.
450 4298 508 4358 litt.
524 4297 649 4379 Aquilai.
665 4320 695 4380 p.
715 4297 764 4364 14.
783 4299 832 4364 15.
874 4297 989 4359 Fuerat
1003 4299 1094 4360 huius
1110 4296 1189 4358 Galli
1198 4289 1307 4372 insignia

189 4401 280 4462 opera
301 4384 335 4443 in
358 4382 494 4465 Aegypto
523 4385 702 4468 recipienda.
733 4383 797 4444 vid.
828 4383 883 4444 llic
906 4385 960 4462 ld,
980 4389 1011 4451 9.
1030 4381 1184 4448 Pluma.
1207 4381 1305 4442 Anton-
