2816 4990
325 377 602 452 PHILIPPI
628 375 939 455 WAGNERI.
1108 405 1201 456 xxm

113 599 165 654 nes
194 564 389 684 Spohnio
430 564 615 653 Iahnius
653 565 826 669 videtur
866 565 1198 677 commodasse,
1247 647 1251 664 ,

113 688 166 798 qni
183 685 361 770 casdem
391 711 575 768 mecum
606 679 797 799 benigne
838 685 1198 774 communicavit.

110 803 303 888 Praeterea
336 801 571 918 Spohnius
602 803 724 887 locos
759 831 817 886 ex
848 803 1039 888 aliorum
1077 806 1199 889 criti-

106 949 222 1006 corum
256 920 410 1026 libris,
448 918 529 1003 sod
565 919 700 1004 unius
738 923 830 1004 scre
860 917 1110 1004 Burmanni
1126 924 1198 1007 -ad

99 1039 387 1154 dnthologiam
405 1036 527 1141 Lat,
559 1037 814 1153 adscripsit,
842 1039 890 1122 in
911 1040 1074 1150 quibus
1094 1037 1197 1125 Vir-

96 1155 164 1270 gilii
216 1156 415 1242 uaedam
443 1155 557 1239 ratio
588 1156 795 1240 habetur.

183 1187 515 1384 &uaecumque
548 1289 700 1358 autem
727 1300 849 1358 nova
873 1269 984 1354 huic
1013 1271 1197 1366 editioni

91 1409 376 1496 accesserunt,
414 1389 552 1505 signis
582 1391 706 1476 hisce
739 1388 759 1506 (
818 1391 839 1509 )
873 1388 1039 1494 abiis,
1081 1417 1195 1500 quae

89 1507 221 1623 Heynii
248 1525 383 1614 sunt,
416 1509 620 1622 separavi
647 1509 849 1624 siglaqne
882 1505 1017 1591 etiam
1045 1509 1195 1592 nomi-

88 1655 172 1710 num
197 1627 380 1730 addidi,
412 1626 601 1737 quibus,
634 1625 745 1737 quid
774 1653 802 1710 a
832 1653 1012 1738 quoque
1043 1627 1194 1742 profe-

89 1759 183 1828 etum
212 1761 356 1852 esset,
394 1744 677 1828 indicaretur.
738 1741 1077 1828 Wunderlichii
1108 1772 1192 1826 no-

87 1889 166 1944 men
191 1863 331 1946 literis
363 1856 504 1966 Wen,
536 1857 728 1976 Spohnii
752 1860 889 1946 literis
913 1859 1010 1969 Sp.,
1041 1887 1192 1946 meum

85 1979 191 2062 literis
215 1977 312 2070 Wr.
342 1978 605 2092 significavi.
668 1978 878 2066 Aliorum
899 1976 1106 2080 nomina,
1140 1995 1192 2064 ut

85 2091 288 2204 Bnmckii,
307 2095 477 2202 Vossii,
498 2095 661 2200 Iohnii,
685 2096 858 2211 integra
874 2093 1046 2210 scripsi.
1084 2094 1191 2180 Pot-

85 2213 159 2298 terii
172 2213 408 2300 Parisinos
429 2230 472 2297 et
490 2212 683 2328 Dorphii
701 2213 879 2298 codices
901 2212 1100 2296 numeris
1120 2214 1190 2298 in-

84 2345 132 2412 ter
154 2359 197 2416 se
225 2331 426 2437 secrevi,
456 2331 538 2414 hos
568 2329 806 2436 Romanis,
837 2333 934 2414 iilos
965 2330 1188 2437 Arabicis,

83 2463 120 2532 ut
136 2451 231 2536 fecit
254 2451 361 2566 ipsc
387 2447 622 2554 Posterius,
649 2448 1010 2560 antiquissimum
1032 2476 1189 2558 quem-

84 2593 150 2674 que
178 2570 373 2654 minimo
403 2595 595 2666 numero
626 2565 854 2673 indicans;
893 2564 1187 2677 Alburgensis

82 2681 177 2772 idem
211 2703 310 2791 est,
354 2684 434 2796 qui
469 2683 642 2800 Dorph.
667 2683 699 2768 1.
728 2731 789 2748 -·
833 2681 1012 2767 Literae
1045 2676 1100 2782 Q.
1131 2679 1186 2766 V.

80 2799 311 2913 significant
363 2797 749 2906 Quaestionos
798 2796 1186 2998 Vifflianas,

80 2919 218 3027 quihus
254 2949 334 3006 res
372 2917 591 3031 quasdam
626 2914 773 3008 critici
809 2943 886 3000 ma
984 2941 1186 3030 egram-

79 3037 296 3151 meticique
332 3035 580 3150 argumenti
609 3033 829 3118 illustrare
853 3047 1039 3118 conatus
1070 3057 1184 3139 sum,

79 3147 288 3240 Volumini
309 3171 471 3265 quarto
491 3149 784 3236 adiiciendas.
821 3150 896 3236 Ad
913 3176 1024 3262 quas
1043 3177 1185 3260 quum

78 3295 188 3387 saepe
202 3291 247 3358 et
262 3270 552 3358 inVarietate
561 3267 790 3354 Lectionis
811 3285 853 3352 ct
868 3267 1044 3354 inNotis
1062 3266 1184 3350 redi-

77 3399 153 3472 tum
181 3393 265 3496 sit,
314 3389 462 3506 primo
492 3385 723 3470 Volumini
743 3385 946 3502 proxime
972 3383 1185 3468 succedet
1330 3387 1333 3392 ’

77 3525 283 3612 quartum,
314 3507 405 3592 hoc
422 3505 519 3620 ipso
536 3531 673 3610 anno,
706 3503 899 3588 similla
929 3502 1011 3586 erit
1039 3499 1088 3588 in
1115 3517 1184 3614 ty-

76 3625 288 3742 pographo
318 3648 461 3726 mora,
489 3619 786 3736 proditurum.
822 3619 952 3707 Prior
966 3617 1062 3702 eius
1078 3643 1181 3732 pars

77 3741 302 3826 continebit
327 3737 549 3844 Culicem,
578 3733 725 3844 Cirin,
767 3733 939 3855 Copam
968 3753 1012 3819 et
1032 3731 1183 3819 Morc-

77 3869 155 3942 tum
178 3887 205 3944 a
228 3857 405 3972 Silligio
428 3883 530 3942 meo
559 3855 776 3940 librorum
796 3884 901 3943 mss.
924 3882 1007 3965 ope
1032 3879 1180 3936 emcn-

77 3969 176 4059 dato.
231 3974 446 4062 Notitiam
484 3972 726 4058 literarium
763 3973 909 4058 cidem
952 3969 1183 4054 Volumini

78 4091 426 4208 subiungendam
461 4091 618 4175 meiius
659 4090 827 4206 digeret
862 4087 1182 4205 insigniterque

79 4203 743 4439 tttttttntatta
768 4203 1180 4410 didm*
