2652 5032
166 359 241 432 488
420 351 461 428 P.
497 349 755 428 vlttotttt
784 349 1057 429 Muttonis

165 537 304 632 Fluit,
337 549 378 613 et
389 534 538 613 infidos
551 537 697 634 agitans
712 534 908 612 discordia
918 533 1078 629 tranen

163 645 243 718 Aut
257 640 462 716 coniurato
479 639 727 716 descendens
741 639 933 716 Dacusvab
946 643 1102 733 Histro;
1309 725 1310 740 ,

164 749 255 822 Non
269 765 334 819 res
350 747 557 822 Romanae
573 743 828 844 perituraque
843 763 982 842 regnan
1008 767 1142 844 neque
1155 741 1218 817 ille
1309 766 1311 870 q

216 887 302 962 498.
328 883 546 978 Ronanus,
597 901 700 976 una,

199 1091 253 1149 496
269 1091 494 1168 invidiosrotres
506 1094 602 1148 Morat.
616 1111 680 1160 aec,
697 1093 882 1164 eglosaemata
893 1093 947 1147 aad
965 1094 1116 1146 discordio-
1186 1091 1235 1148 497
1248 1093 1276 1142 Et
1313 1110 1314 1154 t

163 1166 255 1216 Acron
275 1164 311 1215 ad
329 1165 421 1216 Horat.
443 1163 492 1215 Od.
512 1165 537 1228 Ι,
559 1163 602 1219 85.
626 1165 678 1226 ΙΙΙ,
696 1165 722 1218 6.
757 1161 899 1214 discedens
910 1163 1000 1228 molti,
1028 1161 1189 1214 ridellum.
1222 1163 1277 1212 nas

31 1267 37 1276 ·
167 1229 567 1286 mranbmintaemtt‘torm
583 1235 628 1297 IV,
646 1235 688 1296 12,
705 1231 747 1286 18-
766 1233 854 1300 (Voss.
876 1231 960 1284 edidit
971 1235 1056 1286 latro.
1092 1231 1278 1298 Cumadspim-
1314 1224 1315 1256 ¹

166 1301 239 1353 tione
253 1310 340 1353 umen
351 1301 446 1370 legitor
465 1301 492 1352 in
505 1301 624 1354 Medioeo
645 1301 689 1354 bic
707 1312 734 1353 et
745 1301 794 1352 Ga.
807 1301 858 1364 ΙΙΙ,
875 1300 953 1368 850„
978 1301 1023 1352 nbi
1035 1299 1162 1352 Heinsius
1184 1301 1220 1352 ita
1238 1299 1279 1349 lroa
1315 1340 1316 1360 ,

166 1387 261 1422 nomen
276 1369 303 1422 in
316 1369 464 1444 praecipuis
479 1371 553 1423 libris
574 1371 675 1424 exarari
691 1369 800 1434 scribit,
816 1369 844 1420 in
860 1379 950 1436 partes
968 1380 1062 1422 vocato
1086 1371 1170 1422 etiam
1187 1372 1280 1421 Tana

166 1441 251 1492 Manr-
270 1458 308 1494 va.
334 1441 394 1494 218.
418 1439 489 1508 Wr.)
573 1439 626 1495 498
644 1458 689 1492 rea
711 1443 844 1492 comae
864 1439 986 1490 lleiakina
1001 1439 1177 1501 emendabat.
1200 1437 1226 1489 id
1241 1449 1279 1496 est,

166 1513 293 1562 Armenes
306 1509 350 1560 vel
361 1508 513 1572 Parthicae,
530 1527 587 1560 cnm
599 1508 733 1578 indignum
746 1517 835 1577 poete,
854 1516 881 1558 et
895 1508 999 1578 quidem
1013 1511 1144 1571 Romano,
1162 1507 1205 1570 sit,
1221 1525 1280 1558 rom-

167 1575 298 1647 publicam
310 1579 452 1630 llomanam
467 1570 596 1650 peritura
612 1597 700 1648 regno
719 1595 733 1630 a
754 1575 861 1646 pellata.
896 1578 967 1630 conl.
991 1579 1097 1629 Notum.
1133 1577 1225 1630 simite
1235 1577 1280 1626 lere

167 1663 274 1698 acumen
285 1645 427 1715 argntantia
443 1647 613 1700 Grammatici
623 1657 664 1698 eat
677 1595 752 1716 epod
762 1644 890 1698 nunnius.
907 1646 941 1698 do
953 1645 1051 1698 sebam.
1063 1643 1142 1698 Dian.
1159 1663 1220 1714 pag.
1231 1647 1281 1704 257,

167 1713 213 1784 qni
225 1715 311 1768 locam
322 1715 392 1768 inter
407 1733 452 1770 eas
465 1716 560 1785 figuras
572 1717 670 1780 refert,
693 1734 751 1768 cnm
764 1715 851 1766 dicero
865 1715 1003 1767 manifesto
1021 1732 1118 1783 parum
1136 1725 1224 1767 tntum
1237 1725 1280 1766 est:

167 1783 281 1838 noluisse
295 1785 363 1838 adeo
382 1785 522 1854 Virgilium
531 1785 633 1839 moero:
654 1786 719 1839 Non
730 1803 776 1838 rea
785 1788 927 1840 Romam
939 1787 1090 1856 periturae.

168 1955 302 2034 dentur,
343 1959 424 2018 inter
456 1959 689 2040 consanguineos
696 2003 705 2035 ,
746 1957 819 2018 horat
832 1967 863 2017 et
876 1959 977 2019 νίοὑια
990 1957 1162 2036 populari,
1187 1957 1282 2016 Florus
1321 2026 1322 2038 ,

166 2041 325 2102 Phraaten:
348 2053 382 2104 et
412 2044 595 2121 Tiridatem,
631 2065 706 2124 quoa
747 2043 804 2120 IV,
826 2048 882 2120 12,
906 2047 962 2108 18:
998 2043 1042 2102 ita
1072 2043 1128 2102 illo
1159 2053 1283 2122 tempore

166 2145 221 2206 per
233 2129 340 2188 iratres
359 2129 506 2205 declarat,
529 2131 650 2208 agitata.
671 2131 707 2190 ln
747 2129 874 2210 Mysiam
883 2137 915 2188 st
927 2149 1001 2188 mox
1015 2126 1180 2187 Thraciam
1195 2137 1283 2190 vasta-
1322 2142 1323 2162 ¹

166 2209 241 2286 boc,
268 2222 359 2294 puto,
386 2215 632 2292 acquiescendum
653 2225 706 2276 est
747 2215 832 2274 bant
865 2213 1005 2278 1am724
1020 2215 1161 2274 Statilius
1180 2215 1284 2274 Tamus
1323 2256 1324 2270 .

168 2291 293 2378 (Eodem
323 2301 459 2380 exemplo
484 2321 558 2361 usna
581 2301 707 2360 eandem
749 2301 898 2362 Dacorum
922 2299 1038 2378 agmina
1060 2300 1200 2380 palantia
1218 2301 1285 2359 raia-
1324 2370 1325 2384 χ

167 2385 345 2447 sententiam
374 2385 511 2446 elocutus
532 2395 577 2445 est
600 2387 707 2447 Horat
750 2387 800 2446 eit.
841 2385 947 2444 murus
962 2383 1110 2444 adversus
1124 2405 1178 2444 eos
1191 2395 1223 2444 at
1236 2387 1285 2444 lla-
1324 2389 1325 2398 ³

167 2467 225 2528 Od.
247 2470 279 2546 Ι,
308 2474 365 2547 26,
393 2473 414 2534 3
442 2492 505 2550 sqq.
540 2473 636 2533 Wct.
664 2504 708 2518 -
750 2481 866 2532 sternas
887 2469 927 2530 M.
945 2471 1084 2544 Crassus,
1117 2471 1149 2530 G.
1170 2471 1285 2530 samaro

168 2553 277 2614 Veram
293 2575 355 2614 ease
373 2554 454 2616 banc
478 2557 708 2637 explicationem
750 2557 791 2632 V,
813 2566 845 2615 et
867 2558 935 2616 Sex.
958 2555 1085 2635 Apuleio
1110 2556 1194 2616 Coss.
1211 2557 1284 2616 tte

167 2639 309 2719 probabit
322 2641 360 2716 Q.
375 2641 411 2702 V.
426 2643 605 2718 XXXV1,7.
622 2641 706 2724 Wr.)
750 2642 823 2706 725.
865 2641 920 2700 llio
936 2640 988 2716 ΙΙ,
1008 2661 1032 2700 c
1050 2645 1092 2704 23
1111 2661 1179 2720 sqq.
1205 2641 1241 2700 de
1256 2642 1285 2698 iis

168 2727 246 2784 Sana
267 2725 356 2786 etiam
377 2725 409 2786 in
429 2727 569 2788 Armonio
586 2727 707 2802 maiore,
749 2724 952 2806 triumpharit
964 2746 990 2785 a.
1003 2729 1076 2790 727.
1097 2728 1284 2786 Ister-corrna-

168 2829 238 2869 etun
265 2813 409 2871 Artaxiam
433 2813 596 2874 Artabazes
627 2813 707 2874 filius
749 2824 848 2886 mnas,
871 2810 904 2872 lr.
919 2810 1023 2891 populi
1038 2811 1078 2869 ad
1093 2811 1224 2884 Istrum,
1241 2811 1284 2888 qu'

168 2897 371 2973 successisset,
401 2897 514 2960 bellum
534 2897 561 2958 ei
583 2897 707 2957 civiles
750 2917 914 2956 armanum
929 2897 964 2956 iia
979 2895 1145 2958 sociabant.
1175 2899 1221 2956 tta
1234 2917 1284 2955 no-

168 2977 294 3059 Tigrane
305 2983 423 3060 fratre,
438 2985 533 3044 lioma
548 2983 586 3042 ab
599 2982 708 3042 Arme
749 2993 814 3042 atro
829 2983 943 3042 Statius
956 2981 971 3040 Ι
986 2979 1080 3040 Theb.
1097 2987 1142 3048 20
1166 2985 1286 3042 Btooer-

168 3065 214 3124 nis
227 3065 376 3142 arcessito,
389 3079 506 3128 motum
518 3078 578 3146 est;
600 3087 708 3128 verum
750 3071 847 3126 ovato
877 3067 1003 3128 deiectos
1035 3069 1144 3126 mace
1174 3069 1284 3126 Datos.

167 3147 242 3208 baec
263 3151 428 3212 insonum
449 3153 529 3230 784,
559 3153 709 3220 decimum
751 3151 845 3212 Iidem
867 3151 938 3212 Daci
965 3171 1033 3211 cum
1055 3153 1143 3211 Getis
1171 3153 1286 3230 aliisque

168 3255 186 3293 a
199 3256 299 3314 pugna
307 3235 437 3314 Actiaca,
450 3239 623 3319 proximum
638 3249 708 3298 ante
749 3237 885 3298 barbaris
898 3257 961 3297 non
972 3248 1131 3297 cessarunt
1139 3239 1217 3297 lstro
1229 3239 1286 3317 gu-

168 3319 281 3400 Virgilii
302 3321 435 3399 obitum,
462 3325 610 3384 incidunt.
645 3323 708 3385 vid.
750 3323 794 3382 cie
812 3333 952 3384 concreto
972 3323 1127 3382 Romanos
1144 3321 1218 3384 tina
1237 3343 1285 3384 va-

167 3405 224 3466 llio
245 3405 335 3483 LIV,¹
349 3411 378 3472 9.
422 3410 566 3470 Catroeus
587 3409 709 3488 quidem
749 3417 851 3484 stare,
887 3408 983 3468 donec
1009 3407 1048 3482 Q.
1077 3408 1287 3468 'submonent

168 3492 328 3552 secundam
351 3493 479 3572 aliquam
497 3496 709 3574 Georgicorum
751 3493 855 3554 Paullo
882 3493 974 3552 Fabio
1001 3495 1084 3554 Cosa.
1104 3495 1142 3553 U.
1166 3494 1285 3566 (1.748,

168 3579 369 3637 recensionem
385 3580 632 3656 comminiscitur,
655 3579 709 3640 sed
749 3589 781 3638 et
794 3599 873 3639 enno
886 3579 1021 3658 sequenti
1035 3579 1200 3659 perdomiti
1211 3589 1284 3652 sont,

168 3663 252 3724 nullo
271 3665 359 3742 plane
373 3674 427 3724 eut
442 3665 502 3724 levi
523 3675 707 3744 argumento.
749 3665 893 3742 littusque
913 3664 1039 3724 castellis
1053 3675 1086 3724 et
1099 3665 1180 3724 vallo
1193 3665 1286 3724 muni-

167 3751 254 3808 Daci
266 3759 375 3824 autem,
392 3748 475 3831 (cum
490 3751 572 3810 Getis
587 3751 627 3809 ad
640 3751 708 3810 stn-
749 3758 816 3809 tum
841 3757 893 3808 est.
927 3751 966 3809 cf.
987 3752 1113 3810 Sueton.
1137 3751 1243 3810 Octar.
1264 3769 1284 3807 c

168 3835 250 3894 vicos
273 3833 399 3915 populos
424 3835 587 3896 referendi:
625 3835 709 3914 quod
750 3839 801 3898 21.
830 3835 970 3894 Ceterum
983 3835 1163 3914 Epicuream
1173 3837 1285 3915 sapten-

169 3919 272 3980 ‹iocuit
282 3921 421 3980 Gatterer
433 3931 534 3981 noster
542 3921 708 3982 comment.
749 3921 824 3980 tiam
839 3920 876 3979 ab
893 3921 975 3980 omni
988 3921 1145 4000 republica
1157 3919 1285 3982 hominos

169 4005 234 4062 Soc.
249 4006 284 4065 li.
296 4006 427 4086 Gotting.
440 4007 505 4068 vot
518 4006 561 4066 XI
575 4003 626 4064 ubi
641 4027 707 4086 pag.
750 4025 906 4080 evocasse,
926 4025 974 4064 rea
991 4014 1038 4064 est
1057 4007 1129 4066 satis
1150 4017 1223 4066 nota
1242 4003 1286 4064 val

171 4085 251 4168 186)
281 4091 333 4166 qui
353 4091 502 4152 montium
529 4091 597 4170 iuga
622 4100 707 4150 trans
748 4110 787 4150 ox
802 4090 951 4152 Ciceronis
966 4089 1229 4172 disputationibua

168 4170 279 4231 latrum
292 4174 475 4252 incolebant,
491 4175 707 4236 undedescen-
790 4175 864 4240 498.
897 4177 1034 4254 penam
1058 4198 1179 4256 regam,
1215 4193 1284 4255 qnae

168 4256 240 4314 dens
264 4259 390 4335 Dacus,
427 4271 465 4322 ut
490 4263 552 4322 sere
580 4282 705 4341 semper,
747 4271 891 4341 pareunt,
913 4259 1039 4338 afflicta3
1061 4263 1095 4322 in
1116 4281 1218 4342 prosa:
1237 4279 1282 4320 rt-

168 4343 281 4416 qnotr'ea
295 4358 445 4404 concretus
453 4349 528 4426 gelu
542 4347 705 4406 Domebt'us
746 4367 874 4426 gnorunt
892 4346 1012 4422 ruinas,
1035 4349 1218 4422 eversiones,
1239 4347 1282 4404 in-

168 4425 305 4482 iunxerat
322 4430 424 4504 ripas,
456 4433 611 4492 decurrere·
627 4433 704 4492 oola-
748 4433 853 4494 teritus
867 4431 910 4492 nil
926 4441 1029 4511 curat3
1050 4443 1129 4513 quot
1143 4433 1219 4494 amm
1233 4449 1280 4490 ra-
