2606 5008
203 381 280 458 268
575 373 953 452 PROOEMIUM

202 557 246 642 s'e
266 562 408 642 sentiat
483 585 548 636 am
567 559 773 638 delectari:
798 575 843 638 ut
863 586 946 639 non
965 585 1106 662 magna
1122 564 1228 638 animi
1240 565 1288 638 in-

202 668 384 745 tentione
399 691 419 742 a
465 665 790 764 cognoscendum
806 691 907 767 opus
923 669 990 764 sit,
1012 667 1083 744 sed
1097 681 1141 744 ut
1155 669 1233 743 satis
1244 670 1288 762 sit,

200 769 329 848 modo
343 771 498 847 animus
513 769 752 870 recipiendis
766 770 1001 870 impulsibus
1014 772 1201 846 variamm
1215 773 1289 846 ima-

200 876 341 975 ginum
358 873 711 974 sensationumque
724 886 874 974 pateat;
892 889 939 950 ut
953 889 1161 976 praecepta
1177 889 1212 949 et
1222 899 1289 949 sen-

199 979 348 1056 tentiae
366 977 475 1079 quasi
494 1001 664 1078 corpore
683 975 732 1052 ali
791 999 816 1052 o
834 977 1018 1054 inductae
1033 977 1206 1054 sensibus
1220 978 1288 1052 sub·

201 1084 326 1160 lectae
352 1094 445 1156 ante
473 1079 611 1157 oculos
641 1081 730 1157 ince
762 1105 830 1156 ere
860 1081 1091 1183 palparique
1118 1106 1226 1183 posse
1250 1083 1290 1154 ri-

201 1184 388 1282 deantur,
412 1197 561 1286 utque,
595 1183 694 1260 dum
710 1185 751 1260 in
774 1209 911 1260 rerum
930 1185 1012 1284 ipsa
1030 1186 1246 1261 tractatione
1263 1196 1290 1258 et

198 1314 275 1367 usu
291 1289 437 1365 versari
451 1301 492 1365 te
510 1287 724 1384 existimes,
749 1288 835 1364 sine
854 1289 966 1364 omni
981 1287 1181 1386 molestia,
1203 1301 1289 1388 putes

124 1458 133 1478 ,
198 1406 241 1470 te
257 1392 490 1470 adsuescere
506 1392 639 1493 potius
656 1391 777 1468 rebus
795 1391 955 1490 agendis
975 1417 1098 1494 quam
1118 1389 1288 1468 discendis

198 1499 284 1574 lam
306 1521 370 1574 res
390 1494 487 1572 aliae
507 1495 674 1570 naturali
694 1494 822 1597 aliqua
848 1519 919 1571 seu
941 1493 1133 1594 dignitate
1148 1521 1213 1571 sen
1227 1519 1289 1568 sna-

199 1601 318 1678 vitate
339 1625 382 1676 se
403 1597 707 1696 commendant,
740 1599 782 1674 in
804 1599 949 1701 quibus
972 1613 1120 1700 poetae
1140 1601 1212 1675 iam
1226 1597 1288 1672 satis

197 1717 329 1805 parata
346 1703 448 1800 laus,
467 1702 597 1778 modo
613 1727 667 1778 ne
684 1727 748 1778 eas
766 1703 946 1779 oratione
964 1701 1141 1798 deterat;
1166 1700 1287 1788 sufficit

196 1821 243 1884 ut
257 1818 421 1909 aequet;
442 1808 502 1882 sin
517 1803 735 1907 amplificet
750 1819 789 1881 et
802 1819 959 1905 augeat,
978 1805 1021 1882 id
1034 1832 1134 1884 vero
1151 1805 1196 1882 ad
1208 1818 1287 1880 tanto

196 1911 393 1986 maiorem
414 1911 563 2009 ingenii
583 1909 980 1986 commendationem
1003 1908 1140 1987 facere
1162 1929 1286 1985 necesse

198 2027 274 2094 est:
309 2013 405 2090 aliae
426 2029 560 2090 autem
579 2039 644 2090 res
670 2025 737 2089 aut
761 2025 900 2089 natura
918 2038 986 2089 sua
1003 2027 1149 2091 tenues
1166 2027 1201 2089 et
1218 2011 1287 2086 ieiu-

196 2142 290 2213 nae,
331 2129 398 2194 aut
424 2118 617 2218 opinione
642 2115 836 2214 humiles,
871 2129 912 2193 et
935 2116 1049 2193 nullo
1078 2143 1152 2194 sno
1177 2116 1285 2190 decore

195 2221 401 2320 insignitae
418 2235 528 2314 sunt;
558 2245 653 2323 quas
671 2221 703 2295 si
722 2233 842 2321 poeta
861 2244 953 2294 cum
973 2245 1049 2320 per
1065 2246 1111 2297 se
1130 2233 1228 2320 grato
1241 2215 1290 2290 ali-¹

197 2349 278 2426 quo
304 2323 443 2401 habitu
466 2325 653 2422 induere,
685 2336 773 2399 tum
800 2335 1051 2398 externarum
1073 2349 1220 2416 rerum,
1247 2321 1290 2394 in·l

194 2429 333 2530 primis
357 2428 669 2529 digressionum,
694 2427 839 2502 virtute
859 2427 949 2502 satis
970 2451 1119 2505 ornare
1139 2425 1285 2530 potuerit,

194 2533 237 2608 in
256 2557 306 2609 eo
327 2558 423 2610 vero
439 2557 639 2610 summam
659 2531 840 2632 poeticae
858 2529 1052 2606 facultatis
1075 2545 1117 2609 et
1132 2533 1214 2608 artis
1229 2527 1285 2601 lau·

195 2636 290 2714 dem
309 2638 574 2740 consequitur.
625 2635 926 2732 Digressionum
947 2635 1086 2736 itaque
1107 2638 1156 2714 ad
1176 2653 1283 2710 ornan-

195 2741 294 2816 dum
319 2739 552 2818 huiusmodi
577 2763 737 2814 carmen
765 2738 945 2837 inprimis
971 2762 1119 2837 magna
1146 2741 1219 2816 laus
1238 2733 1289 2808 ha*

192 2844 327 2920 benda
344 2851 393 2944 *).
445 2849 491 2921 ln
516 2845 563 2920 iis
587 2857 721 2919 autem
737 2841 888 2938 Virgilii
913 2842 1124 2939 ingenium
1144 2837 1284 2942 inprimis

195 2947 453 3023 commendat
472 2948 568 3043 hoc,
596 2945 708 3048 quod
729 2943 894 3021 consilio
918 2957 958 3020 et
979 2959 1211 3044 argumento
1227 2963 1284 3015 car·

192 3051 312 3124 minis
332 3075 401 3127 eae
423 3065 462 3127 et
482 3051 628 3127 dilectu
649 3062 690 3123 et
711 3061 854 3124 ornatu
871 3037 1194 3127 accommodalae
1211 3053 1282 3120 sunt

191 3156 262 3230 Est
284 3154 424 3256 utique
442 3157 482 3230 in
501 3156 547 3229 iis
563 3151 765 3228 liberalior
788 3165 1124 3232 ornamentorum
1147 3149 1288 3230 materia

192 3258 402 3360 maiorque
417 3256 620 3360 splendor,
635 3281 710 3357 pro
726 3254 863 3330 indole
881 3269 1017 3332 tamen
1031 3272 1073 3334 et
1086 3273 1213 3334 natura
1226 3267 1288 3326 car-3

191 3361 328 3454 minis;
350 3387 410 3436 ars
427 3385 589 3462 quoque
609 3357 777 3435 mirifica
792 3361 833 3433 in
851 3358 1032 3436 iunctura
1045 3361 1191 3438 horum
1203 3358 1282 3430 loco-

191 3489 283 3539 rum
305 3477 345 3540 et
363 3465 586 3542 intransitu
604 3463 818 3564 redituque
837 3487 857 3536 a
876 3460 1124 3560 digressione
1140 3463 1185 3539 ad
1199 3479 1280 3560 prac-

191 3568 439 3668 ceptionem;
457 3591 581 3667 porro
595 3569 636 3641 in
651 3565 920 3667 praecipiendi
935 3563 1121 3643 formulis
1134 3560 1279 3641 mirifica-

191 3695 272 3773 que
287 3695 424 3747 earum
435 3670 639 3768 varietate,
661 3694 781 3771 quam
799 3692 942 3767 magna
961 3695 1007 3747 er
1021 3685 1134 3772 parte.
1142 3675 1241 3747 Arato
1254 3669 1287 3732 ct*

224 3913 434 3982 'illeprehendit
445 3913 521 3965 etiam
535 3911 592 3978 has,
606 3925 730 3968 ettrans-
771 3929 834 3965 vero
852 3913 975 3982 poeticae
991 3933 1037 3968 sen
1051 3915 1116 3967 artis
1133 3931 1175 3966 seu
1187 3903 1276 3962 scicoffl‘

189 3979 242 4032 itna
252 3983 286 4033 ad
298 4001 341 4035 eas
351 3995 483 4053 tamquam
497 4001 588 4051 parum
597 3996 730 4055 opportu-
771 3999 875 4034 senecam
897 3983 924 4033 in
944 3983 995 4036 hoc
1010 3985 1122 4066 aliisque
1140 3978 1228 4034 indiciis
1245 3971 1277 4020 ‚d-

189 4065 248 4114 noa,
260 4053 367 4104 llomins
376 4056 475 4122 (lissey
488 4051 730 4122 osCriticr'smcap.
772 4051 891 4104 hibuisse
904 4051 1016 4106 videtur.
1052 4051 1192 4122 Drspntarit
1210 4045 1275 4096 adsu-

190 4121 204 4172 Ῑ
220 4121 305 4184 extr·l·
323 4123 376 4174 Sed
392 4121 567 4175 conluditVir
581 4124 622 4176 lll.
633 4141 731 4193 genera
773 4141 815 4174 sue
837 4139 894 4173 eum
912 4123 1039 4189 perdocte
1058 4127 1099 4175 Io.
1115 4125 1167 4174 lac.
1181 4113 1274 4171 straet

189 4187 315 4268 oraticula
335 4200 361 4242 et
383 4190 533 4257 scriptionis
551 4191 620 4244 inter
637 4213 666 4245 se
686 4193 730 4244 di·
773 4192 843 4243 Prot.
856 4192 990 4259 Gymnasii
1000 4185 1272 4260 Thomnenaiastrcou

188 4255 347 4320 suassaius,
373 4259 496 4311 maiorem
517 4277 563 4324 ue,
589 4280 665 4332 quarn
679 4279 729 4330 pro
772 4260 932 4311 mentatione
945 4261 980 4314 de
994 4265 1181 4334 Georgicorum
1194 4257 1271 4320 tripu

188 4323 292 4391 poetica
305 4327 416 4392 ratione,
433 4329 480 4380 sub
525 4339 612 4398 tatem,
633 4331 730 4386 nullm
773 4327 864 4381 lucido
878 4328 983 4383 ordine·
