2660 5002
214 395 286 470 156
451 393 492 467 P.
519 389 782 465 VlRGlLll
811 391 1094 466 matronis

208 574 396 668 Instituit;
422 575 597 675 Daphnis
613 576 758 651 thiasos
775 577 965 652 inducere
978 577 1133 672 Bacchi,
1253 587 1286 655 tt

207 683 258 756 Et
274 677 377 752 soliis
390 678 515 754 lentas
528 679 700 756 intexere
717 679 903 756 mollibus
919 681 1057 759 hastas

208 783 305 860 Vitis
320 795 365 856 ut
380 783 586 858 arboribus
601 783 735 858 decori
750 797 825 878 est,
851 797 896 858 ut
909 783 1054 860 vitibus
1076 807 1183 878 uvae,

208 890 261 964 Ut
277 885 459 984 gregibus
473 887 588 981 tauri,
615 900 767 984 segetes
780 901 825 962 ut
839 888 1051 986 pinguibus
1068 887 1180 962 arvis:

242 1063 278 1116 30
293 1059 398 1112 Boccho
412 1060 506 1130 ubique
519 1059 615 1110 editum
628 1059 714 1112 video.
749 1062 848 1112 Bocchi
859 1079 890 1112 cx
903 1061 1093 1130 antiquioribus
1102 1059 1178 1112 Pierii
1191 1068 1215 1108 et
1225 1057 1286 1108 lisias

208 1131 346 1250 probatam
359 1129 466 1180 Heinsio
478 1129 597 1196 reposuit
608 1132 700 1194 burm,
717 1148 816 1181 memor
828 1148 917 1182 versus
929 1136 994 1182 Aen.
1007 1133 1065 1192 Vll,
1078 1131 1131 1186 390
1146 1129 1232 1179 etenim
1241 1127 1287 1176 mi-

219 1219 249 1250 es
263 1197 312 1250 tibi
325 1217 430 1249 sumere
441 1199 564 1266 thyrsos,
582 1199 675 1250 iterum
690 1199 767 1252 eiecit
781 1201 906 1262 ttrunck„
924 1219 981 1251 cnm
996 1201 1101 1252 Boccho
1116 1197 1250 1267 exquisitius
1259 1195 1286 1244 sit.

208 1269 320 1338 (Nempe
335 1267 357 1317 is
373 1267 438 1318 haec
452 1267 491 1318 ita
505 1267 575 1318 dicta
592 1269 740 1334 existimat,
775 1269 971 1320 uemadmodum
988 1269 1058 1337 apud
1071 1267 1204 1334 Aristoph.
1218 1266 1239 1315 in
1250 1265 1286 1331 lq·

207 1338 277 1389 sistr.
296 1333 480 1406 dozqoainsvos
499 1339 618 1392 decisis.
640 1339 710 1404 Wr.)
745 1288 856 1406 tiyrsos
872 1339 991 1390 Parthas.
1026 1338 1091 1388 Cum
1103 1337 1225 1388 inducere
1236 1335 1286 1412 tiis·

207 1425 254 1460 sos
271 1407 408 1460 obscurum
426 1415 496 1457 esset
509 1407 632 1470 Heinsio,
656 1407 824 1460 coniiciebat:
851 1408 954 1460 thiasos
968 1407 1089 1459 indicere
1104 1406 1207 1458 Bocchi.
1230 1403 1286 1455 indict

208 1464 275 1528 enirn
288 1495 361 1528 sacra
373 1475 500 1528 sollennia
512 1486 539 1527 et
551 1477 613 1528 testi
624 1477 680 1528 dies
692 1477 790 1529 solent:
809 1477 880 1545 quod
892 1477 999 1544 copiose
1012 1476 1125 1527 adstruit
1133 1474 1227 1533 lirina,
1240 1473 1287 1522 lone

206 1545 288 1597 multo
305 1547 387 1613 magis
410 1545 461 1596 hoc
484 1563 515 1596 ex
534 1563 581 1596 usn
599 1547 725 1614 loquendi
739 1548 824 1608 torem
849 1547 895 1596 sed
917 1555 943 1596 et
962 1546 1013 1596 hoc
1031 1543 1177 1613 Daphnidis
1199 1542 1285 1594 nanta

206 1615 341 1676 convenit,
359 1625 388 1665 ut
402 1614 458 1682 ipse
473 1613 577 1665 duxisse
588 1615 683 1666 choros
696 1616 804 1668 dicatur.
831 1614 918 1666 Possis
933 1632 1036 1684 quoqne
1048 1615 1168 1697 accipere
1180 1613 1285 1667 indecere.

205 1683 303 1734 inferre
324 1683 352 1734 in
366 1683 462 1746 vitam,
479 1701 566 1748 nsum,
584 1685 728 1737 instituere.
763 1679 898 1747 θιάσους,
922 1681 1031 1746 satereia
1052 1684 1181 1751 sicoyses,
1204 1693 1228 1732 at
1242 1681 1286 1729 ben

205 1753 349 1804 blitscherl.
374 1752 444 1820 (vtd.
458 1770 523 1820 quae
537 1753 630 1820 scripsi
643 1753 671 1804 in
685 1757 748 1805 Not.
764 1756 857 1822 Neque
870 1754 1022 1822 exquisitior
1036 1764 1077 1805 est
1089 1753 1190 1804 dativus
1199 1751 1286 1802 urata

205 1823 228 1874 is
242 1821 408 1890 significaret,
418 1821 531 1872 nondum
545 1823 664 1874 inventos
677 1824 757 1876 irrisae
772 1823 889 1884 thiasos;
905 1823 1061 1874 sedBoechs'
1075 1823 1178 1874 thiasos
1190 1821 1286 1872 indicere

206 1901 260 1942 est:
277 1891 436 1954 thiasorurn,
454 1890 503 1942 iam
516 1891 687 1956 inventorum,
706 1911 778 1944 nsum
791 1891 956 1944 introducere
971 1892 1068 1959 aliquo.
1092 1891 1162 1956 Μ.)
1225 1891 1287 1943 32²³!

205 1961 281 2012 abest
294 1980 309 2012 a
323 1962 424 2027 Meurig.
445 1979 497 2011 sec.
516 1961 578 2029 (vid.
595 1963 627 2024 Q.
644 1963 677 2013 V.
692 1965 754 2026 XV,
769 1965 794 2017 2.
816 1963 886 2022 Wr.l
905 1974 946 2012 est
967 1975 994 2012 et
1013 1959 1115 2011 vitibus
1127 1957 1217 2010 Mureti
1232 1973 1286 2024 quar-

205 2039 263 2092 tns,
281 2029 324 2098 qui
340 2039 368 2080 et
383 2046 455 2080 mcx:
473 2035 509 2081 Et
520 2029 652 2102 gregibus
667 2043 686 2080 t.
703 2051 724 2083 s.
738 2045 806 2102 etp.
827 2031 853 2080 in
871 2031 984 2081 Theocr.
1000 2031 1077 2092 vtu,
1095 2031 1130 2082 79
1148 2031 1180 2148 sp*
1197 2023 1288 2100 dpeirsl

204 2096 323 2170 βάλανοι
341 2096 454 2167 κόσμος.
488 2100 712 2152 accommodatius
733 2101 784 2152 hoc
805 2117 893 2169 qnam:
918 2101 996 2151 ¹Vitis
1015 2111 1047 2150 ut
1068 2097 1162 2150 arbori
1178 2117 1209 2148 ns
1223 2099 1286 2148 decta

204 2257 324 2316 tonibus
353 2267 384 2316 et
409 2259 494 2316 sociis
521 2259 609 2318 inisse
638 2259 738 2338 lingat,
780 2258 976 2336 institutaque
988 2257 1134 2330 salubria,
1157 2257 1287 2334 quietae-

204 2343 255 2420 qui
269 2363 354 2401 sacra
361 2342 470 2402 Bacchi
482 2344 648 2404 instituerit
660 2345 739 2404 inter
780 2345 838 2402 sari
863 2352 984 2422 accepta
1003 2341 1164 2402 retulerint
1182 2337 1286 2406 Romani,

203 2437 352 2508 pastores,
382 2448 475 2506 eoquo
495 2430 685 2488 caerimonias
705 2431 737 2488 in
779 2427 826 2488 his
859 2429 958 2487 verbis
996 2427 1156 2507 significari
1193 2423 1287 2494 statut,

203 2513 385 2573 liberalibus
403 2515 548 2574 sollennes
559 2514 737 2590 exhibuerit,
778 2513 929 2573 Bacchmn
949 2513 1077 2572 enimet
1103 2515 1229 2572 Cererem
1249 2529 1287 2566 tu·

202 2600 281 2658 inter
295 2621 367 2678 quas
386 2599 495 2659 Bacchi
511 2621 559 2659 ras
576 2609 673 2679 gestae
687 2601 737 2658 in·
780 2609 876 2658 ctores
897 2599 985 2658 husae
1004 2604 1086 2658 sitae
1107 2621 1124 2656 a
1146 2599 1249 2657 ier-itate
1260 2591 1287 2650 sd

202 2685 361 2764 primisque
374 2686 413 2744 ad
427 2686 516 2744 ludos
524 2686 675 2765 expeditio
687 2705 738 2744 re-
780 2683 996 2744 humanitatem
1011 2683 1204 2743 revocandae.
1225 2677 1286 2756 tt'r.)

202 2772 385 2849 praesentari
396 2771 517 2830 solebat.
548 2773 647 2844 Quam
664 2793 737 2830 con·
779 2769 929 2830 bacchum
952 2781 1053 2830 autem
1076 2791 1168 2830 curru
1191 2767 1288 2846 tigribus

201 2857 355 2916 venientes·
365 2855 440 2916 haec
459 2857 496 2916 de
514 2855 669 2937 Daphnide
681 2877 737 2936 pa·
778 2855 881 2915 iuncto
905 2855 995 2929 vehi,
1024 2856 1187 2916 innumeris
1203 2869 1287 2912 monn·

183 2951 282 3000 stare
315 2953 498 3018 narrentur,
542 2963 603 3002 non
631 2942 736 3001 dicam.
779 2943 885 3001 mentis
912 2951 1038 3000 constat.
1075 2939 1132 3024 (cs.
1154 2939 1285 3000 Monmuc.

202 3023 317 3106 (Omnis
331 3047 378 3086 res
392 3047 426 3086 eo
438 3028 533 3102 redit,
555 3038 592 3086 ut
604 3027 737 3106 Daphnis
777 3035 851 3086 Ant.
881 3029 961 3105 expl.
995 3027 1064 3086 Vol.
1089 3029 1124 3102 I,
1146 3026 1201 3084 tob.
1223 3020 1286 3098 158.)

200 3111 307 3170 vitium
333 3113 481 3172 culturam
504 3113 584 3192 apud
603 3133 671 3172 suos
687 3113 736 3172 in-
779 3115 829 3177 30.
851 3114 964 3171 thebeos
979 3113 1116 3170 melitem
1130 3109 1286 3170 Bacchiae·

200 3196 330 3254 stituissc
346 3197 477 3274 dicatnr3
507 3219 573 3257 curu
587 3197 645 3256 hac
658 3199 736 3258 enim
779 3198 855 3277 cipio
871 3219 927 3278 pro
949 3197 1076 3277 simplici
1090 3198 1189 3256 ducere
1202 3193 1286 3254 choro

200 3281 376 3341 coniunctus
403 3284 462 3342 suit
493 3283 602 3343 Bacchi
628 3284 736 3343 cultus.
777 3283 1012 3356 bacchantium,
1046 3285 1149 3361 quales
1170 3277 1285 3360 scopein

199 3367 237 3426 Et
249 3376 365 3446 partem
378 3369 593 3446 agriculturae,
612 3369 737 3428 nobilis-
778 3367 950 3448 anaglyphis
960 3377 992 3426 et
1003 3370 1134 3446 gemmis.
1164 3365 1225 3448 (Sed
1235 3361 1286 3440 quit

198 3453 301 3512 simam
316 3453 451 3531 quidem,
473 3456 574 3534 posuit
588 3475 643 3534 pro
659 3464 735 3514 tnta.
777 3455 819 3513 ita
835 3455 954 3512 locutus
969 3463 1027 3511 cst:
1043 3455 1177 3512 balucem
1188 3451 1284 3516 tium

197 3539 284 3599 Hanc
316 3541 594 3620 interpretationem
622 3539 735 3599 confir·
776 3540 935 3612 clsoreom,
970 3559 1027 3618 pro
1061 3539 1182 3617 simplici
1203 3535 1284 3592 duem

197 3634 260 3684 mat
289 3634 355 3684 turn
383 3626 514 3686 subiecta
538 3647 582 3684 vs.
606 3630 655 3689 32.
671 3645 734 3703 sqq.
775 3625 896 3698 thiasos,
917 3623 1080 3682 choream?
1102 3619 1240 3682 Certeboc
1248 3635 1284 3672 ts·

197 3711 379 3790 comparatio
391 3757 400 3785 ,
430 3721 497 3770 tum
514 3730 564 3784 ea,
594 3731 670 3788 quae
689 3731 734 3770 vs.
774 3721 835 3784 sat,
857 3719 893 3768 ut
909 3709 951 3768 ait
965 3709 1099 3768 comat
1109 3701 1284 3768 huomlte

196 3797 246 3860 35.
258 3817 321 3874 sqq.
341 3805 410 3876 post
427 3807 556 3856 mortem
572 3795 734 3876 Daphnidis
776 3797 860 3854 clam.
880 3804 987 3854 contra
1005 3793 1122 3854 Catilio.
1142 3815 1165 3854 o
1182 3795 1230 3861 32,
1243 3805 1284 3842 ⁹⁰·

196 3887 325 3941 evenisse
340 3892 512 3942 narrantur.
540 3881 734 3941 Haacautem
775 3901 865 3954 rum,
896 3879 1043 3958 quisunt
1072 3889 1157 3940 extra
1178 3877 1282 3936 omen

194 3965 238 4024 ita
261 3977 398 4046 spectant
419 3969 587 4042 Caesarem,
616 3977 651 4026 ut
670 3969 734 4048 ipsa
776 3967 918 4026 lnrlrscere
933 3965 1046 4024 dissitm
1061 3965 1162 4038 deiis,
1181 3960 1223 4040 qui
1237 3975 1282 4054 {¹⁰1

195 4059 377 4132 natura·per
396 4052 458 4112 eius
478 4073 588 4112 nnnren
602 4085 645 4098 -
664 4073 734 4112 nam
774 4071 847 4112 vum
859 4069 973 4110 morem
983 4051 1194 4122 introducunt,
1211 4059 1282 4123 pnfflt

195 4155 306 4194 numen
335 4137 472 4196 habuisse
498 4137 650 4218 putandus
678 4149 732 4214 est,
775 4136 888 4215 aliquid
913 4137 1034 4196 larrium.
1076 4137 1134 4195 Cir.
1157 4131 1280 4194 Solum

194 4239 248 4298 per
264 4239 352 4298 quem
373 4223 444 4282 talia
466 4233 593 4302 possunt
613 4222 733 4282 fieri-
775 4222 814 4281 ad
845 4223 919 4281 Plin.
950 4223 1056 4301 Paneg.
1089 4243 1114 4282 o
1137 4225 1180 4284 11.
1205 4209 1280 4306 Wsd

193 4303 346 4366 laetiorem
369 4307 500 4368 induisse
520 4309 654 4382 vultum,
680 4307 733 4366 sed
773 4309 870 4368 Versu
903 4311 940 4370 31
975 4306 1116 4386 thyrsum
1150 4295 1279 4362 damst.

194 4389 330 4466 cundem,
352 4391 404 4452 illo
423 4395 581 4469 exstincto,
602 4402 732 4452 mutasse
773 4411 861 4472 quem
881 4391 1060 4453 bamhantes
1078 4389 1221 4472 gestabant

194 4473 320 4537 dicatam.
356 4476 477 4538 Vossius
493 4479 638 4559 sapientes
655 4477 732 4558 leges
814 4481 864 4544 82.
913 4479 960 4538 Ex
999 4477 1122 4540 lheonr.
1147 4473 1204 4546 Vll,
1236 4465 1278 4526 79·
