2784 4988
187 351 245 403 m1
583 329 998 404 PRAEFATIO

189 518 287 624 dio,
327 517 437 604 Viro
464 513 577 617 Cel,
617 513 1089 636 Grammatophylacio
1117 517 1330 634 philolo-

187 637 308 750 gico,
337 637 387 721 in
413 663 502 750 quo
531 652 573 719 et
597 636 685 720 alia
709 637 934 750 quaedam
957 653 1059 721 sunt
1087 637 1146 721 ad
1161 633 1329 752 Virgi-

37 849 42 854 ,
187 754 299 838 lium
333 753 603 871 spectantia,
647 753 936 840 inserendam
967 754 1178 860 misisset,
1220 755 1326 860 hic,

188 899 279 986 que
306 890 370 957 est
395 871 692 978 humanitate,
730 873 878 958 statim
902 897 1082 956 mecum
1107 901 1329 956 commu-

186 990 364 1076 nicavit.
432 989 522 1074 Sed
551 1004 790 1108 postquam
822 990 921 1107 ipsa
948 989 1142 1106 Dorphii
1172 990 1323 1076 editio

187 1107 374 1228 prodiit,
406 1107 556 1213 nolui,
588 1137 728 1219 quum
752 1109 1057 1224 excerptasab
1079 1135 1132 1191 eo
1156 1109 1327 1192 lectio-

186 1253 266 1312 nes
282 1225 341 1310 ad
358 1224 560 1310 omnium
572 1253 705 1310 usum
718 1227 940 1342 expositas
952 1225 1164 1338 viderem,
1175 1254 1324 1340 porro

188 1370 373 1428 onerare
390 1360 516 1428 notas
536 1342 733 1449 criticas,
763 1345 812 1428 in
829 1343 1017 1428 nimiam
1035 1336 1200 1427 molem
1217 1346 1325 1431 iam

188 1479 507 1548 excrescentes
567 1458 710 1545 Multo
735 1461 869 1546 etiam
896 1462 1044 1547 minus
1070 1488 1098 1544 a
1124 1489 1197 1545 me
1224 1461 1325 1546 im-

186 1597 359 1696 petrare
375 1578 521 1696 potui,
552 1595 601 1663 ut
617 1579 799 1663 somniis
817 1579 1025 1664 Dunkeri
1045 1579 1198 1664 nescio
1225 1608 1323 1667 cu-

186 1699 255 1781 ius
272 1699 423 1782 locum
439 1698 489 1780 in
506 1695 613 1781 Ver.
633 1695 754 1782 Lect.
778 1697 1083 1782 concederem.
1138 1695 1321 1784 Prodiit

188 1815 308 1898 enim
324 1813 645 1929 Heidelbergae
664 1815 746 1900 Ao.
773 1823 898 1908 1806.
918 1815 1119 1921 libellus,
1151 1815 1228 1900 cui
1245 1816 1320 1900 ita

185 1932 474 2049 inscriptum:
506 1932 582 2038 „P.
601 1931 776 2049 Virgilii
788 1932 990 2018 Maronis
1008 1931 1224 2050 Georgica
1238 1935 1320 2018 in-

187 2050 242 2134 de
264 2052 319 2134 ab
340 2051 531 2166 Augusti
552 2068 750 2168 tempore
775 2069 928 2136 contra
945 2069 1154 2136 naturam
1170 2051 1320 2134 inter--

200 2169 336 2253 relata
347 2168 545 2252 ducentis
562 2168 726 2280 quibus
744 2169 894 2255 adhuc
907 2169 1114 2254 laborant
1126 2168 1233 2253 locis
1251 2199 1318 2255 ex

185 2199 774 2398 llonachiiTraghemensis
788 2287 1032 2404 exemplari
1046 2286 1224 2372 sanitati
1234 2315 1318 2370 re-

185 2394 1318 2524 stitueretentatEditiohaecproblematica.Libri

184 2521 355 2638 primi
385 2520 686 2636 specimen.
729 2520 791 2608 M.
813 2517 867 2607 Ο.
891 2521 944 2607 R.
971 2522 1002 2606 Ι.
1027 2522 1081 2608 A.
1100 2521 1154 2607 A.
1172 2519 1226 2606 V.
1249 2519 1314 2630 Q.

185 2637 1025 2725 A.N.A.B.L.E.G.D.D.M.H.M.
1075 2639 1313 2726 loannes

183 2757 435 2842 Andreas
473 2756 745 2841 Dunker.“
805 2757 1040 2875 Proposita
1065 2773 1129 2842 est
1159 2759 1313 2846 omnis

183 2875 385 2960 lectionis
402 2875 721 2960 Dunkerianae
739 2876 1039 2962 diversitasin
1056 2873 1160 2960 Nov.
1179 2874 1312 2964 Diar.

183 2993 244 3076 lit.
275 2992 398 3108 Lips.
429 3001 554 3084 1807.
577 3021 620 3076 n.
648 2999 718 3085 43.
744 3027 787 3110 p.
812 3002 912 3087 684.
937 3023 1033 3107 sqq.
1092 2993 1198 3078 Feci
1223 2994 1314 3078 ali-

184 3110 360 3220 quoties
379 3110 653 3194 mentionem
670 3111 838 3197 codicis
857 3112 1013 3218 Servii,
1038 3111 1116 3223 qui
1131 3107 1178 3194 in
1194 3109 1310 3229 Reg.

102 3297 105 3302 ,
181 3224 394 3312 Biblioth.
429 3225 586 3311 Dresd.
619 3246 892 3336 asservatur,
938 3227 1164 3313 interdum
1197 3257 1311 3316 cum

183 3343 361 3461 optimis
398 3343 527 3428 codd.
563 3345 879 3461 conspirantis;
931 3346 1145 3462 descripsi
1178 3347 1310 3434 hunc

181 3462 278 3578 ipse
309 3461 513 3547 codicem
543 3463 794 3548 accuratius
818 3464 867 3548 in
893 3463 1060 3549 Diariis
1087 3464 1308 3551 Scholast.

181 3579 435 3664 Darmstad.
458 3587 583 3672 1830.
602 3609 645 3663 n.
662 3588 733 3670 24.
774 3578 930 3668 Exstat
947 3581 995 3664 in
1012 3579 1169 3665 eadem
1184 3579 1307 3668 Bibl.

166 3695 284 3808 ¹Reg.
305 3697 466 3783 Dresd.
488 3700 571 3782 sub
598 3696 655 3781 D.
681 3707 776 3790 126.
802 3701 946 3784 codex
977 3700 1156 3784 saeculo
1176 3697 1308 3786 XlV.

159 3815 391 3933 {scriptum
431 3817 582 3901 omnia
609 3813 788 3932 Virgilii
817 3845 955 3936 opere
988 3820 1306 3932 complectens,

180 3949 278 4017 tum
309 3933 423 4017 alins
455 3936 538 4020 sub
571 3932 627 4017 D.
655 3943 725 4025 81.
755 3933 941 4051 Eclogas
972 3951 1145 4018 tantum
1174 3934 1309 4018 exhi-

180 4051 311 4159 bens;
336 4079 468 4163 quos,
493 4051 656 4163 siquid
675 4051 781 4137 inde
800 4053 1001 4138 utilitatis
1018 4050 1204 4166 Virgilio
1225 4079 1307 4137 ac-

181 4197 413 4254 cessurum
448 4196 726 4286 sperassem,
772 4170 956 4255 minime
990 4169 1304 4286 neglexissem.

82 4320 85 4326 ·
180 4285 304 4372 Ultro
343 4287 457 4371 mihi
503 4287 801 4375 commodavit
842 4285 1026 4404 insignis
1065 4285 1305 4373 Henrici
