2730 5016
223 877 264 952 P.
303 872 615 952 vlu-G1L11
653 877 971 956 MARONIS

51 1079 93 1186 G
180 1085 225 1190 E
317 1077 374 1189 Ο
469 1085 517 1191 R
592 1083 642 1191 G
727 1089 750 1191 1
834 1084 879 1194 C
966 1082 1023 1194 Ο
1110 1091 1160 1199 Ν

310 1319 522 1409 maan
553 1317 883 1431 Qunarus

485 1571 693 1582 *aa—-u——n

306 1799 312 1811 .
358 1751 792 1814 auottttuututt

41 1881 150 1996 Dera
169 1937 287 2019 apiaria
308 1947 338 1998 et
357 1938 507 2000 mellilicio
524 1939 555 2000 in
574 1938 634 1999 boe
652 1939 730 2000 libro
750 1948 889 2016 acturus,
910 1940 1008 2020 primo
1020 1941 1087 2002 loeo
1103 1961 1159 2004 ex·

40 2022 118 2096 ponit
130 2033 358 2104 argumentum,
380 2025 617 2104 Maecenatisque
635 2025 796 2106 propitiam
810 2025 998 2086 voluntatem
1016 2027 1072 2088 sibi
1084 2047 1161 2088 exo-

38 2115 81 2164 rat
97 2111 110 2170 1
128 2141 166 2154 -
187 2115 218 2175 7.
263 2109 337 2169 lnde
360 2109 398 2170 de
419 2109 540 2172 alvearii
563 2113 637 2188 situ,
666 2111 797 2187 lubrica,
826 2120 858 2171 et
875 2121 1025 2192 apparatu
1042 2114 1160 2193 praeci-

38 2191 132 2268 pit—
153 2195 213 2271 50,
236 2204 303 2254 tum
327 2196 365 2256 de
386 2199 557 2258 examinum
578 2197 752 2258 exeuntium
773 2217 862 2272 eura,
885 2217 939 2257 seu
954 2217 1025 2259 vere
1038 2200 1160 2260 ineunte

40 2289 183 2356 vagantur
195 2311 242 2326 -
258 2285 318 2357 66,
352 2301 405 2342 seu
427 2283 467 2342 ad
488 2303 620 2362 pugnam
631 2293 745 2344 exeunt
761 2282 949 2342 discordibus
963 2285 1044 2344 inter
1058 2305 1089 2345 se
1101 2305 1160 2345 vo-

37 2361 200 2426 luntatibus
222 2385 314 2445 super
332 2386 400 2446 rege
421 2368 551 2428 creando
568 2403 603 2414 -
622 2372 674 2433 87.
717 2369 796 2431 Tum
814 2369 959 2427 alteruter
980 2387 1036 2427 rex
1049 2379 1093 2430 est
1104 2389 1160 2429 ne-

37 2449 144 2510 candus
158 2485 204 2498 -
221 2457 301 2528 102,
323 2461 391 2529 aut,
414 2455 438 2514 si
454 2463 567 2514 temere
580 2461 728 2532 vagantur
742 2471 820 2533 apes,
840 2451 952 2531 partim
963 2453 1082 2532 regibus
1095 2455 1160 2514 alae

35 2545 101 2595 suut
110 2537 304 2612 resecandae,
317 2540 429 2618 partim
442 2548 544 2619 gratae
552 2537 663 2598 herbae
675 2539 754 2598 eirca
761 2538 877 2597 alveare
888 2537 1160 2604 terendae-116.

35 2619 104 2680 Cum
131 2623 297 2703 attingeret
320 2623 423 2684 locum
444 2625 482 2684 de
500 2623 591 2684 horto
613 2623 755 2698 colendo,
782 2621 841 2681 boc
865 2632 1075 2700 argumentum
1095 2623 1161 2684 aliis

32 2709 229 2770 tractandum
251 2708 434 2787 reliquit-
456 2709 528 2774 148.
577 2709 620 2769 De
639 2709 778 2789 ingeniis,
813 2707 945 2782 uatauis,
974 2717 1006 2768 et
1025 2708 1161 2769 moribus

33 2811 119 2871 apum
141 2797 219 2875 agit,
241 2805 386 2856 revocata
411 2815 516 2856 earum
536 2796 725 2871 oeconomia,
755 2811 845 2874 quam
863 2811 1022 2870 vocamus,
1046 2793 1163 2857 adrei*

31 2879 166 2956 publicae
188 2883 336 2956 sormam,
359 2901 450 2960 quam
474 2891 650 2942 enarrat-
663 2883 726 2946 218
732 2902 741 2958 5
762 2879 974 2939 tamsollerter
987 2879 1162 2940 uutitutam

31 2964 127 3042 illam,
150 2975 189 3026 ut
212 2965 339 3026 rationis
356 2967 424 3026 illae
445 2987 569 3027 munere
585 2965 751 3048 impertitae
767 2983 829 3024 ease
849 2963 1013 3026 videantur
1025 2997 1068 3012 -
1085 2969 1160 3030 227.

30 3050 174 3130 Sequitur
188 3051 276 3112 locus
291 3051 328 3110 de
342 3053 510 3114 exemtione
521 3054 662 3114 favorum
672 3085 716 3098 -
728 3053 806 3127 2383
827 3049 874 3110 sin
885 3050 1075 3128 relinquatur
1087 3069 1161 3131 para

30 3136 191 3213 favorum,
230 3157 307 3217 quae
329 3147 397 3198 tum
420 3138 555 3200 miranda
575 3139 691 3198 aiut-
704 3137 777 3203 250.
820 3135 863 3196 De
884 3136 998 3196 morbis
1018 3146 1160 3219 spumet

28 3223 211 3284 morborum
229 3243 302 3282 cura
314 3255 359 3272 -·
374 3227 448 3288 280.
491 3225 533 3284 De
552 3223 698 3284 exennia
719 3221 846 3282 extineti
870 3222 1061 3301 reparatione
1078 3223 1160 3282 etde

28 3309 283 3388 progeneratione
306 3327 397 3390 apum
418 3329 457 3370 ex
478 3311 606 3370 iuvenco
626 3317 761 3391 peremto
789 3317 820 3368 et
838 3309 1067 3388 putrefacto-
1086 3311 1158 3372 811.

28 3395 120 3468 Quod
138 3415 215 3455 cum
229 3394 386 3456 inventum
396 3392 524 3456 Aristaei
536 3415 598 3456 esee
610 3393 820 3476 perhibeatur:
842 3393 998 3454 descendit
1017 3392 1057 3452 ad
1070 3410 1160 3455 enar-

25 3482 181 3542 rationem
196 3480 332 3540 fabulae:
362 3502 420 3560 qua
432 3482 481 3542 ille
496 3483 593 3542 fertur
606 3481 742 3542 extincto
762 3479 897 3540 examine
913 3477 1019 3538 adiisse
1032 3486 1160 3540 matrem

26 3566 186 3646 Cyrenen,
216 3564 325 3625 abbae
344 3566 441 3626 iussus
462 3567 617 3626 consulere
630 3567 786 3642 Proteum,
808 3563 845 3624 de
860 3563 970 3624 caussis
984 3563 1160 3624 calamitatis

24 3662 54 3712 et
77 3653 223 3714 eiusdem
238 3651 393 3727 remediis,
426 3651 625 3730 edoctusque,
654 3652 787 3712 evenisse
800 3649 856 3709 sibi
874 3669 940 3710 rem
953 3649 992 3707 ob
1005 3648 1160 3728 piaculum

24 3749 228 3798 contractum
243 3755 281 3796 ex
292 3737 473 3817 Ean-ydioea,
495 3737 608 3818 Orphei
621 3737 768 3817 coniugis,
795 3743 907 3816 raptu,
928 3733 1050 3793 inferias
1070 3731 1160 3792 aifa-

23 3824 114 3886 cisae:
144 3843 213 3903 quo
233 3823 312 3881 laeto
331 3821 425 3883 boum
448 3843 575 3904 corpora
590 3824 623 3886 in
635 3823 704 3884 luco
723 3821 828 3882 relicta
846 3819 1032 3900 paullopoet
1045 3819 1160 3880 mani-

22 3911 116 3972 nibus
137 3908 234 3970 novis
250 3907 414 3970 efferbuere
427 3943 471 3956 —·
483 3908 522 3968 ad
533 3907 585 3970 liu.

72 4523 246 4598 Vanum.
275 4518 380 4594 Tou
398 4516 427 4593 1.
