<?xml version="1.0" encoding="UTF-8"?>
<!DOCTYPE html PUBLIC "-//W3C//DTD XHTML 1.0 Transitional//EN"
    "http://www.w3.org/TR/xhtml1/DTD/xhtml1-transitional.dtd">
<html xmlns="http://www.w3.org/1999/xhtml" xml:lang="en" lang="en">
 <head>
  <title>
</title>
<meta http-equiv="Content-Type" content="text/html;charset=utf-8" />
  <meta name='ocr-system' content='tesseract 3.04.00' />
  <meta name='ocr-capabilities' content='ocr_page ocr_carea ocr_par ocr_line ocrx_word'/>
</head>
<body>
  <div class='ocr_page' id='page_1' title='image "./publiusvirgiliu00virggoog/publiusvirgiliu00virggoog_0816.png"; bbox 0 0 2758 4990; ppageno 0'>
   <div class='ocr_carea' id='block_1_1' title="bbox 458 353 1236 440">
    <p class='ocr_par' dir='ltr' id='par_1_1' title="bbox 458 353 1236 440">
     <span class='ocr_line' id='line_1_1' title="bbox 458 353 1236 440; baseline 0.013 -12"><span class='ocrx_word' id='word_1_1' title='bbox 458 355 531 430; x_wconf 86' lang='lat' dir='ltr'><strong>AD</strong></span> <span class='ocrx_word' id='word_1_2' title='bbox 567 353 890 434; x_wconf 86' lang='lat' dir='ltr'>LIBRUMIV</span> <span class='ocrx_word' id='word_1_3' title='bbox 1160 363 1236 440; x_wconf 84' lang='grc'><strong>696</strong></span> 
     </span>
    </p>
   </div>
   <div class='ocr_carea' id='block_1_2' title="bbox 95 543 1236 776">
    <p class='ocr_par' dir='ltr' id='par_1_2' title="bbox 95 543 1236 776">
     <span class='ocr_line' id='line_1_2' title="bbox 95 543 1236 630; baseline 0.004 -24"><span class='ocrx_word' id='word_1_4' title='bbox 95 545 189 626; x_wconf 83' lang='lat' dir='ltr'><strong>sacto</strong></span> <span class='ocrx_word' id='word_1_5' title='bbox 210 543 248 603; x_wconf 86' lang='lat' dir='ltr'><strong>de</strong></span> <span class='ocrx_word' id='word_1_6' title='bbox 268 543 406 604; x_wconf 81' lang='lat' dir='ltr'><strong>cantibus</strong></span> <span class='ocrx_word' id='word_1_7' title='bbox 426 556 539 620; x_wconf 73' lang='lat' dir='ltr'><strong>antro,</strong></span> <span class='ocrx_word' id='word_1_8' title='bbox 579 543 677 606; x_wconf 86' lang='lat' dir='ltr'><strong>Undis</strong></span> <span class='ocrx_word' id='word_1_9' title='bbox 700 543 880 605; x_wconf 81' lang='lat' dir='ltr'><strong>iamdabat</strong></span> <span class='ocrx_word' id='word_1_10' title='bbox 898 547 1113 630; x_wconf 70' lang='lat' dir='ltr'><em>Nymphisque</em></span> <span class='ocrx_word' id='word_1_11' title='bbox 1134 551 1236 610; x_wconf 84' lang='lat' dir='ltr'><strong>colen-</strong></span> 
     </span>
     <span class='ocr_line' id='line_1_3' title="bbox 105 629 1236 776; baseline 0.006 -87"><span class='ocrx_word' id='word_1_12' title='bbox 105 629 310 776; x_wconf 38' lang='lat' dir='ltr'><strong>tiiapmusepnlzfis.</strong></span> <span class='ocrx_word' id='word_1_13' title='bbox 358 629 543 692; x_wconf 61' lang='lat' dir='ltr'><strong>&amp;nveniam</strong></span> <span class='ocrx_word' id='word_1_14' title='bbox 561 632 625 690; x_wconf 80' lang='lat' dir='ltr'><strong>dlis</strong></span> <span class='ocrx_word' id='word_1_15' title='bbox 642 632 813 712; x_wconf 75' lang='lat' dir='ltr'><strong>popularia</strong></span> <span class='ocrx_word' id='word_1_16' title='bbox 827 633 965 711; x_wconf 78' lang='lat' dir='ltr'><strong>stianiaa</strong></span> <span class='ocrx_word' id='word_1_17' title='bbox 979 636 1131 712; x_wconf 80' lang='lat' dir='ltr'><strong>primam,</strong></span> <span class='ocrx_word' id='word_1_18' title='bbox 1155 639 1236 696; x_wconf 80' lang='lat' dir='ltr'><strong>Mox</strong></span> 
     </span>
    </p>
   </div>
   <div class='ocr_carea' id='block_1_3' title="bbox 99 869 1279 4552">
    <p class='ocr_par' dir='ltr' id='par_1_3' title="bbox 99 869 1279 4552">
     <span class='ocr_line' id='line_1_4' title="bbox 192 869 1236 953; baseline 0.006 -23"><span class='ocrx_word' id='word_1_19' title='bbox 192 870 235 930; x_wconf 87' lang='lat' dir='ltr'><strong>Ut</strong></span> <span class='ocrx_word' id='word_1_20' title='bbox 258 869 298 928; x_wconf 88' lang='lat' dir='ltr'><strong>ad</strong></span> <span class='ocrx_word' id='word_1_21' title='bbox 320 869 582 950; x_wconf 69' lang='lat' dir='ltr'><strong>unamaliquam</strong></span> <span class='ocrx_word' id='word_1_22' title='bbox 602 889 707 930; x_wconf 89' lang='lat' dir='ltr'><strong>rerum</strong></span> <span class='ocrx_word' id='word_1_23' title='bbox 728 871 872 950; x_wconf 88' lang='lat' dir='ltr'><strong>speciem,</strong></span> <span class='ocrx_word' id='word_1_24' title='bbox 901 892 978 952; x_wconf 89' lang='lat' dir='ltr'><strong>quae</strong></span> <span class='ocrx_word' id='word_1_25' title='bbox 994 874 1116 953; x_wconf 88' lang='lat' dir='ltr'><strong>quidem</strong></span> <span class='ocrx_word' id='word_1_26' title='bbox 1130 875 1236 936; x_wconf 76' lang='lat' dir='ltr'><strong>annuis</strong></span> 
     </span>
     <span class='ocr_line' id='line_1_5' title="bbox 106 955 1237 1036; baseline 0.003 -18"><span class='ocrx_word' id='word_1_27' title='bbox 106 957 220 1018; x_wconf 85' lang='lat' dir='ltr'><strong>nostris</strong></span> <span class='ocrx_word' id='word_1_28' title='bbox 239 955 397 1017; x_wconf 78' lang='lat' dir='ltr'><strong>informari</strong></span> <span class='ocrx_word' id='word_1_29' title='bbox 417 957 530 1036; x_wconf 79' lang='lat' dir='ltr'><strong>possit,</strong></span> <span class='ocrx_word' id='word_1_30' title='bbox 560 955 635 1016; x_wconf 90' lang='lat' dir='ltr'><strong>baec</strong></span> <span class='ocrx_word' id='word_1_31' title='bbox 654 976 810 1034; x_wconf 75' lang='lat' dir='ltr'><strong>revocem,</strong></span> <span class='ocrx_word' id='word_1_32' title='bbox 838 977 877 1016; x_wconf 89' lang='lat' dir='ltr'><strong>ex</strong></span> <span class='ocrx_word' id='word_1_33' title='bbox 897 968 965 1018; x_wconf 84' lang='lat' dir='ltr'><strong>toto</strong></span> <span class='ocrx_word' id='word_1_34' title='bbox 986 959 1061 1019; x_wconf 90' lang='lat' dir='ltr'><strong>mibi</strong></span> <span class='ocrx_word' id='word_1_35' title='bbox 1080 961 1148 1020; x_wconf 85' lang='lat' dir='ltr'><strong>loco</strong></span> <span class='ocrx_word' id='word_1_36' title='bbox 1161 960 1237 1022; x_wconf 88' lang='lat' dir='ltr'><strong>baec</strong></span> 
     </span>
     <span class='ocr_line' id='line_1_6' title="bbox 108 1041 1236 1124; baseline 0.004 -22"><span class='ocrx_word' id='word_1_37' title='bbox 108 1041 250 1102; x_wconf 86' lang='lat' dir='ltr'><strong>constitui</strong></span> <span class='ocrx_word' id='word_1_38' title='bbox 272 1061 358 1122; x_wconf 88' lang='lat' dir='ltr'><strong>posse</strong></span> <span class='ocrx_word' id='word_1_39' title='bbox 378 1043 537 1104; x_wconf 79' lang='lat' dir='ltr'><strong>videntur:</strong></span> <span class='ocrx_word' id='word_1_40' title='bbox 560 1042 722 1122; x_wconf 80' lang='lat' dir='ltr'><strong>Fingamus</strong></span> <span class='ocrx_word' id='word_1_41' title='bbox 739 1043 888 1122; x_wconf 85' lang='lat' dir='ltr'><strong>ingentem</strong></span> <span class='ocrx_word' id='word_1_42' title='bbox 900 1044 985 1124; x_wconf 75' lang='lat' dir='ltr'><strong>illam</strong></span> <span class='ocrx_word' id='word_1_43' title='bbox 998 1047 1163 1106; x_wconf 69' lang='lat' dir='ltr'><strong>(lavernam</strong></span> <span class='ocrx_word' id='word_1_44' title='bbox 1175 1049 1236 1107; x_wconf 84' lang='lat' dir='ltr'><strong>late</strong></span> 
     </span>
     <span class='ocr_line' id='line_1_7' title="bbox 107 1127 1236 1212; baseline 0.005 -24"><span class='ocrx_word' id='word_1_45' title='bbox 107 1127 303 1188; x_wconf 87' lang='lat' dir='ltr'><strong>subterranea</strong></span> <span class='ocrx_word' id='word_1_46' title='bbox 320 1129 388 1188; x_wconf 82' lang='lat' dir='ltr'><strong>locs</strong></span> <span class='ocrx_word' id='word_1_47' title='bbox 408 1147 575 1209; x_wconf 75' lang='lat' dir='ltr'><strong>occupare,</strong></span> <span class='ocrx_word' id='word_1_48' title='bbox 601 1147 663 1187; x_wconf 85' lang='lat' dir='ltr'><strong>esse</strong></span> <span class='ocrx_word' id='word_1_49' title='bbox 683 1148 748 1190; x_wconf 88' lang='lat' dir='ltr'><strong>eam</strong></span> <span class='ocrx_word' id='word_1_50' title='bbox 767 1129 878 1189; x_wconf 88' lang='lat' dir='ltr'><strong>Oceani</strong></span> <span class='ocrx_word' id='word_1_51' title='bbox 891 1131 1020 1209; x_wconf 86' lang='lat' dir='ltr'><strong>regiam,</strong></span> <span class='ocrx_word' id='word_1_52' title='bbox 1047 1151 1236 1212; x_wconf 86' lang='lat' dir='ltr'><strong>seuregnum</strong></span> 
     </span>
     <span class='ocr_line' id='line_1_8' title="bbox 108 1213 1235 1294; baseline 0.003 -19"><span class='ocrx_word' id='word_1_53' title='bbox 108 1213 317 1275; x_wconf 70' lang='lat' dir='ltr'><strong>vuuoimum.</strong></span> <span class='ocrx_word' id='word_1_54' title='bbox 360 1215 402 1273; x_wconf 90' lang='lat' dir='ltr'><strong>Ut</strong></span> <span class='ocrx_word' id='word_1_55' title='bbox 421 1235 512 1294; x_wconf 90' lang='lat' dir='ltr'><strong>super</strong></span> <span class='ocrx_word' id='word_1_56' title='bbox 530 1223 612 1273; x_wconf 82' lang='lat' dir='ltr'><strong>terra</strong></span> <span class='ocrx_word' id='word_1_57' title='bbox 631 1215 720 1274; x_wconf 89' lang='lat' dir='ltr'><strong>multi</strong></span> <span class='ocrx_word' id='word_1_58' title='bbox 744 1223 817 1274; x_wconf 89' lang='lat' dir='ltr'><strong>sunt</strong></span> <span class='ocrx_word' id='word_1_59' title='bbox 839 1224 992 1276; x_wconf 85' lang='lat' dir='ltr'><strong>terrarum</strong></span> <span class='ocrx_word' id='word_1_60' title='bbox 1021 1225 1154 1294; x_wconf 79' lang='lat' dir='ltr'><strong>tractm,</strong></span> <span class='ocrx_word' id='word_1_61' title='bbox 1185 1219 1235 1278; x_wconf 89' lang='lat' dir='ltr'><strong>di-</strong></span> 
     </span>
     <span class='ocr_line' id='line_1_9' title="bbox 107 1299 1236 1382; baseline 0 -20"><span class='ocrx_word' id='word_1_62' title='bbox 107 1299 189 1362; x_wconf 86' lang='lat' dir='ltr'><strong>versi</strong></span> <span class='ocrx_word' id='word_1_63' title='bbox 198 1299 272 1360; x_wconf 87' lang='lat' dir='ltr'><strong>fines</strong></span> <span class='ocrx_word' id='word_1_64' title='bbox 282 1300 489 1380; x_wconf 87' lang='lat' dir='ltr'><strong>imperiorum,</strong></span> <span class='ocrx_word' id='word_1_65' title='bbox 512 1300 555 1359; x_wconf 90' lang='lat' dir='ltr'><strong>sic</strong></span> <span class='ocrx_word' id='word_1_66' title='bbox 568 1303 600 1358; x_wconf 94' lang='lat' dir='ltr'><strong>in</strong></span> <span class='ocrx_word' id='word_1_67' title='bbox 611 1299 670 1359; x_wconf 90' lang='lat' dir='ltr'><strong>isto</strong></span> <span class='ocrx_word' id='word_1_68' title='bbox 684 1300 878 1360; x_wconf 84' lang='lat' dir='ltr'><strong>subterraneo</strong></span> <span class='ocrx_word' id='word_1_69' title='bbox 893 1321 1039 1379; x_wconf 86' lang='lat' dir='ltr'><strong>aquarum</strong></span> <span class='ocrx_word' id='word_1_70' title='bbox 1052 1323 1144 1382; x_wconf 86' lang='lat' dir='ltr'><strong>regno</strong></span> <span class='ocrx_word' id='word_1_71' title='bbox 1158 1325 1236 1382; x_wconf 90' lang='lat' dir='ltr'><strong>qua-</strong></span> 
     </span>
     <span class='ocr_line' id='line_1_10' title="bbox 109 1387 1235 1467; baseline 0.004 -23"><span class='ocrx_word' id='word_1_72' title='bbox 109 1404 273 1464; x_wconf 81' lang='lat' dir='ltr'><strong>quaversus</strong></span> <span class='ocrx_word' id='word_1_73' title='bbox 296 1395 369 1446; x_wconf 87' lang='lat' dir='ltr'><strong>sunt</strong></span> <span class='ocrx_word' id='word_1_74' title='bbox 388 1387 521 1467; x_wconf 85' lang='lat' dir='ltr'><strong>ingentia</strong></span> <span class='ocrx_word' id='word_1_75' title='bbox 541 1405 689 1464; x_wconf 86' lang='lat' dir='ltr'><strong>aquarum</strong></span> <span class='ocrx_word' id='word_1_76' title='bbox 703 1387 892 1466; x_wconf 85' lang='lat' dir='ltr'><strong>receptacula</strong></span> <span class='ocrx_word' id='word_1_77' title='bbox 915 1388 946 1446; x_wconf 90' lang='lat' dir='ltr'><strong>in</strong></span> <span class='ocrx_word' id='word_1_78' title='bbox 961 1388 1089 1448; x_wconf 89' lang='lat' dir='ltr'><strong>marium</strong></span> <span class='ocrx_word' id='word_1_79' title='bbox 1102 1389 1235 1467; x_wconf 91' lang='lat' dir='ltr'><strong>modum,</strong></span> 
     </span>
     <span class='ocr_line' id='line_1_11' title="bbox 110 1471 1235 1552; baseline 0.004 -22"><span class='ocrx_word' id='word_1_80' title='bbox 110 1471 263 1551; x_wconf 72' lang='lat' dir='ltr'><strong>speluncas</strong></span> <span class='ocrx_word' id='word_1_81' title='bbox 284 1471 377 1547; x_wconf 83' lang='lat' dir='ltr'><strong>dixit,</strong></span> <span class='ocrx_word' id='word_1_82' title='bbox 405 1491 420 1531; x_wconf 92' lang='lat' dir='ltr'><strong>e</strong></span> <span class='ocrx_word' id='word_1_83' title='bbox 446 1472 554 1550; x_wconf 89' lang='lat' dir='ltr'><strong>quibus</strong></span> <span class='ocrx_word' id='word_1_84' title='bbox 573 1471 698 1532; x_wconf 87' lang='lat' dir='ltr'><strong>diversis</strong></span> <span class='ocrx_word' id='word_1_85' title='bbox 712 1472 784 1531; x_wconf 88' lang='lat' dir='ltr'><strong>locis</strong></span> <span class='ocrx_word' id='word_1_86' title='bbox 799 1473 897 1552; x_wconf 87' lang='lat' dir='ltr'><strong>capita</strong></span> <span class='ocrx_word' id='word_1_87' title='bbox 909 1493 945 1532; x_wconf 85' lang='lat' dir='ltr'><strong>ao</strong></span> <span class='ocrx_word' id='word_1_88' title='bbox 957 1475 1057 1534; x_wconf 86' lang='lat' dir='ltr'><strong>fontes</strong></span> <span class='ocrx_word' id='word_1_89' title='bbox 1071 1474 1235 1535; x_wconf 87' lang='lat' dir='ltr'><strong>fluviorum</strong></span> 
     </span>
     <span class='ocr_line' id='line_1_12' title="bbox 109 1555 1235 1636; baseline 0.005 -22"><span class='ocrx_word' id='word_1_90' title='bbox 109 1555 296 1636; x_wconf 88' lang='lat' dir='ltr'><strong>procedunt,</strong></span> <span class='ocrx_word' id='word_1_91' title='bbox 317 1558 505 1636; x_wconf 84' lang='lat' dir='ltr'><strong>aliquantum</strong></span> <span class='ocrx_word' id='word_1_92' title='bbox 531 1559 611 1617; x_wconf 90' lang='lat' dir='ltr'><strong>inter</strong></span> <span class='ocrx_word' id='word_1_93' title='bbox 632 1557 723 1617; x_wconf 86' lang='lat' dir='ltr'><strong>silvas</strong></span> <span class='ocrx_word' id='word_1_94' title='bbox 741 1557 798 1617; x_wconf 93' lang='lat' dir='ltr'><strong>sub</strong></span> <span class='ocrx_word' id='word_1_95' title='bbox 819 1568 902 1618; x_wconf 84' lang='lat' dir='ltr'><strong>terra</strong></span> <span class='ocrx_word' id='word_1_96' title='bbox 928 1579 1019 1618; x_wconf 90' lang='lat' dir='ltr'><strong>cursu</strong></span> <span class='ocrx_word' id='word_1_97' title='bbox 1040 1560 1121 1618; x_wconf 86' lang='lat' dir='ltr'><strong>facto</strong></span> <span class='ocrx_word' id='word_1_98' title='bbox 1136 1579 1235 1620; x_wconf 88' lang='lat' dir='ltr'><strong>emer-</strong></span> 
     </span>
     <span class='ocr_line' id='line_1_13' title="bbox 109 1643 1236 1724; baseline 0.005 -24"><span class='ocrx_word' id='word_1_99' title='bbox 109 1651 201 1722; x_wconf 85' lang='lat' dir='ltr'><strong>gunt,</strong></span> <span class='ocrx_word' id='word_1_100' title='bbox 223 1651 254 1702; x_wconf 89' lang='lat' dir='ltr'><strong>et</strong></span> <span class='ocrx_word' id='word_1_101' title='bbox 264 1643 397 1703; x_wconf 89' lang='lat' dir='ltr'><strong>amnium</strong></span> <span class='ocrx_word' id='word_1_102' title='bbox 412 1645 512 1703; x_wconf 83' lang='lat' dir='ltr'><strong>fontes</strong></span> <span class='ocrx_word' id='word_1_103' title='bbox 525 1663 617 1722; x_wconf 89' lang='lat' dir='ltr'><strong>supra</strong></span> <span class='ocrx_word' id='word_1_104' title='bbox 631 1651 745 1702; x_wconf 87' lang='lat' dir='ltr'><strong>terram</strong></span> <span class='ocrx_word' id='word_1_105' title='bbox 756 1645 951 1704; x_wconf 79' lang='lat' dir='ltr'><strong>constituunt</strong></span> <span class='ocrx_word' id='word_1_106' title='bbox 996 1645 1041 1703; x_wconf 84' lang='lat' dir='ltr'><strong>Ex</strong></span> <span class='ocrx_word' id='word_1_107' title='bbox 1052 1665 1160 1724; x_wconf 85' lang='lat' dir='ltr'><strong>magno</strong></span> <span class='ocrx_word' id='word_1_108' title='bbox 1176 1645 1236 1706; x_wconf 92' lang='lat' dir='ltr'><strong>hoc</strong></span> 
     </span>
     <span class='ocr_line' id='line_1_14' title="bbox 108 1729 1235 1809; baseline 0.003 -21"><span class='ocrx_word' id='word_1_109' title='bbox 108 1747 286 1807; x_wconf 82' lang='lat' dir='ltr'><strong>magnorum</strong></span> <span class='ocrx_word' id='word_1_110' title='bbox 306 1729 466 1790; x_wconf 87' lang='lat' dir='ltr'><strong>fluminum</strong></span> <span class='ocrx_word' id='word_1_111' title='bbox 487 1749 613 1788; x_wconf 88' lang='lat' dir='ltr'><strong>numero</strong></span> <span class='ocrx_word' id='word_1_112' title='bbox 635 1737 698 1789; x_wconf 87' lang='lat' dir='ltr'><strong>erat</strong></span> <span class='ocrx_word' id='word_1_113' title='bbox 717 1749 836 1808; x_wconf 89' lang='lat' dir='ltr'><strong>quoque</strong></span> <span class='ocrx_word' id='word_1_114' title='bbox 850 1731 973 1790; x_wconf 79' lang='lat' dir='ltr'><strong>Peneus.</strong></span> <span class='ocrx_word' id='word_1_115' title='bbox 1015 1729 1235 1809; x_wconf 74' lang='lat' dir='ltr'><strong>fingamusiu-</strong></span> 
     </span>
     <span class='ocr_line' id='line_1_15' title="bbox 109 1815 1237 1896; baseline 0.003 -23"><span class='ocrx_word' id='word_1_116' title='bbox 109 1831 216 1873; x_wconf 80' lang='lat' dir='ltr'><strong>venem</strong></span> <span class='ocrx_word' id='word_1_117' title='bbox 228 1833 284 1893; x_wconf 89' lang='lat' dir='ltr'><strong>per</strong></span> <span class='ocrx_word' id='word_1_118' title='bbox 299 1815 412 1874; x_wconf 84' lang='lat' dir='ltr'><strong>sontem</strong></span> <span class='ocrx_word' id='word_1_119' title='bbox 434 1815 594 1875; x_wconf 88' lang='lat' dir='ltr'><strong>demissum</strong></span> <span class='ocrx_word' id='word_1_120' title='bbox 615 1815 647 1874; x_wconf 91' lang='lat' dir='ltr'><strong>in</strong></span> <span class='ocrx_word' id='word_1_121' title='bbox 665 1815 844 1875; x_wconf 85' lang='lat' dir='ltr'><strong>isnmensum</strong></span> <span class='ocrx_word' id='word_1_122' title='bbox 857 1815 933 1875; x_wconf 90' lang='lat' dir='ltr'><strong>illud</strong></span> <span class='ocrx_word' id='word_1_123' title='bbox 952 1835 1237 1896; x_wconf 85' lang='lat' dir='ltr'><strong>aquarumreguum</strong></span> 
     </span>
     <span class='ocr_line' id='line_1_16' title="bbox 110 1897 1236 1982; baseline 0.004 -25"><span class='ocrx_word' id='word_1_124' title='bbox 110 1897 349 1975; x_wconf 88' lang='lat' dir='ltr'><strong>subterraneum,</strong></span> <span class='ocrx_word' id='word_1_125' title='bbox 372 1899 536 1961; x_wconf 86' lang='lat' dir='ltr'><strong>deductum</strong></span> <span class='ocrx_word' id='word_1_126' title='bbox 550 1921 612 1960; x_wconf 86' lang='lat' dir='ltr'><strong>esse</strong></span> <span class='ocrx_word' id='word_1_127' title='bbox 623 1901 655 1960; x_wconf 91' lang='lat' dir='ltr'><strong>in</strong></span> <span class='ocrx_word' id='word_1_128' title='bbox 669 1920 734 1959; x_wconf 84' lang='lat' dir='ltr'><strong>eam</strong></span> <span class='ocrx_word' id='word_1_129' title='bbox 746 1911 873 1980; x_wconf 87' lang='lat' dir='ltr'><strong>partem,</strong></span> <span class='ocrx_word' id='word_1_130' title='bbox 895 1921 959 1960; x_wconf 89' lang='lat' dir='ltr'><strong>eam</strong></span> <span class='ocrx_word' id='word_1_131' title='bbox 974 1921 1143 1975; x_wconf 83' lang='lat' dir='ltr'><strong>cavernam,</strong></span> <span class='ocrx_word' id='word_1_132' title='bbox 1159 1922 1236 1982; x_wconf 82' lang='lat' dir='ltr'><strong>quae</strong></span> 
     </span>
     <span class='ocr_line' id='line_1_17' title="bbox 109 1985 1236 2068; baseline 0.005 -26"><span class='ocrx_word' id='word_1_133' title='bbox 109 2004 167 2064; x_wconf 90' lang='lat' dir='ltr'><strong>pro</strong></span> <span class='ocrx_word' id='word_1_134' title='bbox 190 1985 292 2060; x_wconf 73' lang='lat' dir='ltr'><strong>fosite,</strong></span> <span class='ocrx_word' id='word_1_135' title='bbox 321 1995 428 2065; x_wconf 77' lang='lat' dir='ltr'><strong>etpro</strong></span> <span class='ocrx_word' id='word_1_136' title='bbox 448 1987 528 2066; x_wconf 84' lang='lat' dir='ltr'><strong>regia</strong></span> <span class='ocrx_word' id='word_1_137' title='bbox 549 1986 654 2062; x_wconf 88' lang='lat' dir='ltr'><strong>Penei,</strong></span> <span class='ocrx_word' id='word_1_138' title='bbox 677 1995 767 2062; x_wconf 75' lang='lat' dir='ltr'><strong>esset,</strong></span> <span class='ocrx_word' id='word_1_139' title='bbox 787 1996 862 2067; x_wconf 85' lang='lat' dir='ltr'><strong>puta</strong></span> <span class='ocrx_word' id='word_1_140' title='bbox 883 2007 1098 2066; x_wconf 77' lang='lat' dir='ltr'><strong>eccemagnum</strong></span> <span class='ocrx_word' id='word_1_141' title='bbox 1112 1987 1236 2068; x_wconf 83' lang='lat' dir='ltr'><strong>aliquod</strong></span> 
     </span>
     <span class='ocr_line' id='line_1_18' title="bbox 110 2070 1234 2153; baseline 0.005 -25"><span class='ocrx_word' id='word_1_142' title='bbox 110 2087 230 2149; x_wconf 82' lang='lat' dir='ltr'><strong>specus,</strong></span> <span class='ocrx_word' id='word_1_143' title='bbox 252 2071 340 2150; x_wconf 87' lang='lat' dir='ltr'><strong>quale</strong></span> <span class='ocrx_word' id='word_1_144' title='bbox 358 2070 435 2132; x_wconf 91' lang='lat' dir='ltr'><strong>illud</strong></span> <span class='ocrx_word' id='word_1_145' title='bbox 444 2071 652 2153; x_wconf 74' lang='lat' dir='ltr'><strong>Nympharum</strong></span> <span class='ocrx_word' id='word_1_146' title='bbox 671 2073 704 2132; x_wconf 92' lang='lat' dir='ltr'><strong>in</strong></span> <span class='ocrx_word' id='word_1_147' title='bbox 723 2072 809 2131; x_wconf 86' lang='lat' dir='ltr'><strong>aditu</strong></span> <span class='ocrx_word' id='word_1_148' title='bbox 830 2071 949 2132; x_wconf 83' lang='lat' dir='ltr'><strong>ithacae</strong></span> <span class='ocrx_word' id='word_1_149' title='bbox 963 2073 1044 2153; x_wconf 86' lang='lat' dir='ltr'><strong>opud</strong></span> <span class='ocrx_word' id='word_1_150' title='bbox 1058 2073 1234 2134; x_wconf 84' lang='lat' dir='ltr'><strong>Homerum.</strong></span> 
     </span>
     <span class='ocr_line' id='line_1_19' title="bbox 110 2153 1236 2239; baseline 0.004 -25"><span class='ocrx_word' id='word_1_151' title='bbox 110 2157 223 2234; x_wconf 78' lang='lat' dir='ltr'><strong>Specus</strong></span> <span class='ocrx_word' id='word_1_152' title='bbox 236 2153 295 2216; x_wconf 92' lang='lat' dir='ltr'><strong>boc</strong></span> <span class='ocrx_word' id='word_1_153' title='bbox 314 2178 371 2236; x_wconf 91' lang='lat' dir='ltr'><strong>pro</strong></span> <span class='ocrx_word' id='word_1_154' title='bbox 385 2157 521 2218; x_wconf 79' lang='lat' dir='ltr'><strong>thalamo</strong></span> <span class='ocrx_word' id='word_1_155' title='bbox 542 2160 686 2239; x_wconf 88' lang='lat' dir='ltr'><strong>Cyrenes;</strong></span> <span class='ocrx_word' id='word_1_156' title='bbox 708 2159 839 2218; x_wconf 82' lang='lat' dir='ltr'><strong>thalami</strong></span> <span class='ocrx_word' id='word_1_157' title='bbox 847 2160 1011 2238; x_wconf 72' lang='lat' dir='ltr'><strong>pendentia</strong></span> <span class='ocrx_word' id='word_1_158' title='bbox 1021 2163 1143 2238; x_wconf 79' lang='lat' dir='ltr'><strong>pumice</strong></span> <span class='ocrx_word' id='word_1_159' title='bbox 1157 2172 1236 2219; x_wconf 83' lang='lat' dir='ltr'><strong>tecta</strong></span> 
     </span>
     <span class='ocr_line' id='line_1_20' title="bbox 108 2239 1235 2325; baseline 0.004 -25"><span class='ocrx_word' id='word_1_160' title='bbox 108 2261 139 2300; x_wconf 85' lang='lat' dir='ltr'><strong>v.</strong></span> <span class='ocrx_word' id='word_1_161' title='bbox 157 2239 235 2305; x_wconf 78' lang='lat'><strong>874:</strong></span> <span class='ocrx_word' id='word_1_162' title='bbox 256 2243 371 2322; x_wconf 86' lang='lat' dir='ltr'><strong>reliqua</strong></span> <span class='ocrx_word' id='word_1_163' title='bbox 392 2263 408 2303; x_wconf 89' lang='lat' dir='ltr'><strong>e</strong></span> <span class='ocrx_word' id='word_1_164' title='bbox 426 2244 631 2306; x_wconf 80' lang='lat' dir='ltr'><strong>vitabaroum</strong></span> <span class='ocrx_word' id='word_1_165' title='bbox 647 2244 820 2304; x_wconf 88' lang='lat' dir='ltr'><strong>acdeorum</strong></span> <span class='ocrx_word' id='word_1_166' title='bbox 841 2253 914 2306; x_wconf 87' lang='lat' dir='ltr'><strong>sunt</strong></span> <span class='ocrx_word' id='word_1_167' title='bbox 928 2247 1037 2325; x_wconf 84' lang='lat' dir='ltr'><strong>petita:</strong></span> <span class='ocrx_word' id='word_1_168' title='bbox 1063 2245 1196 2306; x_wconf 77' lang='lat' dir='ltr'><strong>assident</strong></span> <span class='ocrx_word' id='word_1_169' title='bbox 1208 2245 1235 2304; x_wconf 89' lang='lat' dir='ltr'><strong>ei</strong></span> 
     </span>
     <span class='ocr_line' id='line_1_21' title="bbox 107 2325 1236 2408; baseline 0.003 -22"><span class='ocrx_word' id='word_1_170' title='bbox 107 2325 264 2406; x_wconf 86' lang='lat' dir='ltr'><strong>Nymphae</strong></span> <span class='ocrx_word' id='word_1_171' title='bbox 279 2349 354 2408; x_wconf 91' lang='lat' dir='ltr'><strong>opus</strong></span> <span class='ocrx_word' id='word_1_172' title='bbox 367 2330 509 2390; x_wconf 83' lang='lat' dir='ltr'><strong>iacientes</strong></span> <span class='ocrx_word' id='word_1_173' title='bbox 525 2329 588 2394; x_wconf 84' lang='grc'><strong>884</strong></span> <span class='ocrx_word' id='word_1_174' title='bbox 602 2351 655 2408; x_wconf 80' lang='lat' dir='ltr'><strong>sq,</strong></span> <span class='ocrx_word' id='word_1_175' title='bbox 671 2329 802 2390; x_wconf 88' lang='lat' dir='ltr'><strong>assident</strong></span> <span class='ocrx_word' id='word_1_176' title='bbox 819 2333 918 2388; x_wconf 79' lang='lat' dir='ltr'><strong>vitreis</strong></span> <span class='ocrx_word' id='word_1_177' title='bbox 933 2330 1073 2388; x_wconf 75' lang='lat' dir='ltr'><strong>reddibus</strong></span> <span class='ocrx_word' id='word_1_178' title='bbox 1085 2332 1157 2395; x_wconf 83' lang='lat'><strong>350.</strong></span> <span class='ocrx_word' id='word_1_179' title='bbox 1194 2331 1236 2389; x_wconf 90' lang='lat' dir='ltr'><strong>Ut</strong></span> 
     </span>
     <span class='ocr_line' id='line_1_22' title="bbox 108 2412 1236 2492; baseline 0.006 -24"><span class='ocrx_word' id='word_1_180' title='bbox 108 2412 320 2490; x_wconf 82' lang='lat' dir='ltr'><strong>perveniretur</strong></span> <span class='ocrx_word' id='word_1_181' title='bbox 337 2413 377 2470; x_wconf 90' lang='lat' dir='ltr'><strong>ad</strong></span> <span class='ocrx_word' id='word_1_182' title='bbox 397 2413 474 2474; x_wconf 86' lang='lat' dir='ltr'><strong>illud</strong></span> <span class='ocrx_word' id='word_1_183' title='bbox 493 2415 582 2472; x_wconf 88' lang='lat' dir='ltr'><strong>Penei</strong></span> <span class='ocrx_word' id='word_1_184' title='bbox 601 2434 723 2492; x_wconf 90' lang='lat' dir='ltr'><strong>specus,</strong></span> <span class='ocrx_word' id='word_1_185' title='bbox 749 2415 783 2476; x_wconf 90' lang='lat' dir='ltr'><strong>in</strong></span> <span class='ocrx_word' id='word_1_186' title='bbox 808 2434 946 2492; x_wconf 85' lang='lat' dir='ltr'><strong>magnam</strong></span> <span class='ocrx_word' id='word_1_187' title='bbox 965 2415 1048 2474; x_wconf 88' lang='lat' dir='ltr'><strong>illam</strong></span> <span class='ocrx_word' id='word_1_188' title='bbox 1070 2415 1236 2475; x_wconf 80' lang='lat' dir='ltr'><strong>cavernam</strong></span> 
     </span>
     <span class='ocr_line' id='line_1_23' title="bbox 111 2495 1263 2580; baseline 0.005 -28"><span class='ocrx_word' id='word_1_189' title='bbox 111 2495 352 2554; x_wconf 84' lang='lat' dir='ltr'><strong>descendendum</strong></span> <span class='ocrx_word' id='word_1_190' title='bbox 366 2507 446 2572; x_wconf 71' lang='lat' dir='ltr'><strong>erat:</strong></span> <span class='ocrx_word' id='word_1_191' title='bbox 468 2498 594 2556; x_wconf 82' lang='lat' dir='ltr'><strong>similem</strong></span> <span class='ocrx_word' id='word_1_192' title='bbox 605 2499 777 2557; x_wconf 83' lang='lat' dir='ltr'><strong>descensum</strong></span> <span class='ocrx_word' id='word_1_193' title='bbox 789 2499 932 2580; x_wconf 90' lang='lat' dir='ltr'><strong>praebere</strong></span> <span class='ocrx_word' id='word_1_194' title='bbox 945 2517 1061 2557; x_wconf 87' lang='lat' dir='ltr'><strong>necesse</strong></span> <span class='ocrx_word' id='word_1_195' title='bbox 1073 2507 1118 2558; x_wconf 88' lang='lat' dir='ltr'><strong>est</strong></span> <span class='ocrx_word' id='word_1_196' title='bbox 1132 2519 1235 2558; x_wconf 88' lang='lat' dir='ltr'><strong>omnes</strong></span> <span class='ocrx_word' id='word_1_197' title='bbox 1258 2559 1263 2564; x_wconf 79' lang='grc'><em>,</em></span> 
     </span>
     <span class='ocr_line' id='line_1_24' title="bbox 109 2579 1236 2662; baseline 0.005 -24"><span class='ocrx_word' id='word_1_198' title='bbox 109 2579 274 2639; x_wconf 87' lang='lat' dir='ltr'><strong>fluviorum</strong></span> <span class='ocrx_word' id='word_1_199' title='bbox 287 2581 385 2640; x_wconf 83' lang='lat' dir='ltr'><strong>sontes</strong></span> <span class='ocrx_word' id='word_1_200' title='bbox 403 2601 441 2640; x_wconf 86' lang='lat' dir='ltr'><strong>ex</strong></span> <span class='ocrx_word' id='word_1_201' title='bbox 458 2583 605 2662; x_wconf 83' lang='lat' dir='ltr'><strong>specubus</strong></span> <span class='ocrx_word' id='word_1_202' title='bbox 622 2583 744 2662; x_wconf 89' lang='lat' dir='ltr'><strong>prodire</strong></span> <span class='ocrx_word' id='word_1_203' title='bbox 763 2581 875 2643; x_wconf 88' lang='lat' dir='ltr'><strong>solitos.</strong></span> <span class='ocrx_word' id='word_1_204' title='bbox 917 2583 1020 2662; x_wconf 87' lang='lat' dir='ltr'><strong>Itaque</strong></span> <span class='ocrx_word' id='word_1_205' title='bbox 1039 2591 1069 2642; x_wconf 87' lang='lat' dir='ltr'><strong>et</strong></span> <span class='ocrx_word' id='word_1_206' title='bbox 1082 2583 1236 2644; x_wconf 81' lang='lat' dir='ltr'><strong>Aristaeus</strong></span> 
     </span>
     <span class='ocr_line' id='line_1_25' title="bbox 110 2667 1235 2747; baseline 0.005 -22"><span class='ocrx_word' id='word_1_207' title='bbox 110 2685 180 2725; x_wconf 90' lang='lat' dir='ltr'><strong>cum</strong></span> <span class='ocrx_word' id='word_1_208' title='bbox 193 2674 321 2726; x_wconf 86' lang='lat' dir='ltr'><strong>matrem</strong></span> <span class='ocrx_word' id='word_1_209' title='bbox 341 2667 478 2747; x_wconf 87' lang='lat' dir='ltr'><strong>Cyrenen</strong></span> <span class='ocrx_word' id='word_1_210' title='bbox 493 2667 575 2728; x_wconf 89' lang='lat' dir='ltr'><strong>adire</strong></span> <span class='ocrx_word' id='word_1_211' title='bbox 589 2669 696 2744; x_wconf 81' lang='lat' dir='ltr'><strong>veliet,</strong></span> <span class='ocrx_word' id='word_1_212' title='bbox 718 2667 757 2726; x_wconf 88' lang='lat' dir='ltr'><strong>ad</strong></span> <span class='ocrx_word' id='word_1_213' title='bbox 771 2669 884 2729; x_wconf 86' lang='lat' dir='ltr'><strong>sontem</strong></span> <span class='ocrx_word' id='word_1_214' title='bbox 897 2669 987 2740; x_wconf 81' lang='lat' dir='ltr'><strong>Penei</strong></span> <span class='ocrx_word' id='word_1_215' title='bbox 1002 2670 1138 2730; x_wconf 84' lang='lat' dir='ltr'><strong>accessit:</strong></span> <span class='ocrx_word' id='word_1_216' title='bbox 1166 2673 1235 2730; x_wconf 63' lang='lat' dir='ltr'><strong>tm</strong></span> 
     </span>
     <span class='ocr_line' id='line_1_26' title="bbox 111 2752 1236 2832; baseline 0.004 -22"><span class='ocrx_word' id='word_1_217' title='bbox 111 2754 165 2810; x_wconf 83' lang='lat' dir='ltr'><strong>stis</strong></span> <span class='ocrx_word' id='word_1_218' title='bbox 186 2752 232 2810; x_wconf 87' lang='lat' dir='ltr'><strong>ad</strong></span> <span class='ocrx_word' id='word_1_219' title='bbox 249 2757 373 2811; x_wconf 82' lang='lat' dir='ltr'><strong>extremi</strong></span> <span class='ocrx_word' id='word_1_220' title='bbox 391 2775 512 2814; x_wconf 84' lang='lat' dir='ltr'><strong>sacrum</strong></span> <span class='ocrx_word' id='word_1_221' title='bbox 529 2766 622 2832; x_wconf 88' lang='lat' dir='ltr'><strong>caput</strong></span> <span class='ocrx_word' id='word_1_222' title='bbox 641 2753 756 2813; x_wconf 80' lang='lat' dir='ltr'><strong>adstitit</strong></span> <span class='ocrx_word' id='word_1_223' title='bbox 777 2757 885 2814; x_wconf 89' lang='lat' dir='ltr'><strong>amnis.</strong></span> <span class='ocrx_word' id='word_1_224' title='bbox 928 2754 999 2831; x_wconf 83' lang='lat' dir='ltr'><strong>illa,</strong></span> <span class='ocrx_word' id='word_1_225' title='bbox 1022 2757 1078 2816; x_wconf 84' lang='lat' dir='ltr'><strong>etsi</strong></span> <span class='ocrx_word' id='word_1_226' title='bbox 1091 2756 1236 2817; x_wconf 88' lang='lat' dir='ltr'><strong>interiora</strong></span> 
     </span>
     <span class='ocr_line' id='line_1_27' title="bbox 109 2839 1236 2921; baseline 0.005 -25"><span class='ocrx_word' id='word_1_227' title='bbox 109 2846 225 2914; x_wconf 82' lang='lat' dir='ltr'><strong>terrae,</strong></span> <span class='ocrx_word' id='word_1_228' title='bbox 247 2858 370 2918; x_wconf 88' lang='lat' dir='ltr'><strong>specum</strong></span> <span class='ocrx_word' id='word_1_229' title='bbox 384 2859 420 2900; x_wconf 92' lang='lat' dir='ltr'><strong>ac</strong></span> <span class='ocrx_word' id='word_1_230' title='bbox 433 2849 549 2921; x_wconf 85' lang='lat' dir='ltr'><strong>partem</strong></span> <span class='ocrx_word' id='word_1_231' title='bbox 569 2859 693 2919; x_wconf 82' lang='lat' dir='ltr'><strong>magnae</strong></span> <span class='ocrx_word' id='word_1_232' title='bbox 709 2839 794 2898; x_wconf 89' lang='lat' dir='ltr'><strong>istius</strong></span> <span class='ocrx_word' id='word_1_233' title='bbox 809 2840 975 2913; x_wconf 83' lang='lat' dir='ltr'><strong>cavernae,</strong></span> <span class='ocrx_word' id='word_1_234' title='bbox 997 2860 1057 2919; x_wconf 93' lang='lat' dir='ltr'><strong>quo</strong></span> <span class='ocrx_word' id='word_1_235' title='bbox 1070 2841 1136 2902; x_wconf 90' lang='lat' dir='ltr'><strong>loco</strong></span> <span class='ocrx_word' id='word_1_236' title='bbox 1147 2841 1236 2902; x_wconf 87' lang='lat' dir='ltr'><strong>Penei</strong></span> 
     </span>
     <span class='ocr_line' id='line_1_28' title="bbox 109 2923 1235 3002; baseline 0.005 -21"><span class='ocrx_word' id='word_1_237' title='bbox 109 2923 204 3002; x_wconf 85' lang='lat' dir='ltr'><strong>patris</strong></span> <span class='ocrx_word' id='word_1_238' title='bbox 223 2933 289 2983; x_wconf 85' lang='lat' dir='ltr'><strong>erat</strong></span> <span class='ocrx_word' id='word_1_239' title='bbox 304 2924 427 3002; x_wconf 88' lang='lat' dir='ltr'><strong>domus,</strong></span> <span class='ocrx_word' id='word_1_240' title='bbox 455 2925 662 3001; x_wconf 86' lang='lat' dir='ltr'><strong>inhabitabat,</strong></span> <span class='ocrx_word' id='word_1_241' title='bbox 691 2933 773 2984; x_wconf 88' lang='lat' dir='ltr'><strong>recte</strong></span> <span class='ocrx_word' id='word_1_242' title='bbox 792 2933 893 2986; x_wconf 88' lang='lat' dir='ltr'><strong>tamen</strong></span> <span class='ocrx_word' id='word_1_243' title='bbox 907 2927 962 2986; x_wconf 90' lang='lat' dir='ltr'><strong>sub</strong></span> <span class='ocrx_word' id='word_1_244' title='bbox 976 2926 1062 2986; x_wconf 84' lang='lat' dir='ltr'><strong>fonte</strong></span> <span class='ocrx_word' id='word_1_245' title='bbox 1078 2927 1167 2986; x_wconf 88' lang='lat' dir='ltr'><strong>Penei</strong></span> <span class='ocrx_word' id='word_1_246' title='bbox 1179 2927 1235 2987; x_wconf 89' lang='lat' dir='ltr'><strong>de-</strong></span> 
     </span>
     <span class='ocr_line' id='line_1_29' title="bbox 109 3009 1279 3096; baseline 0.005 -29"><span class='ocrx_word' id='word_1_247' title='bbox 109 3027 178 3088; x_wconf 82' lang='lat' dir='ltr'><strong>gere</strong></span> <span class='ocrx_word' id='word_1_248' title='bbox 195 3009 254 3069; x_wconf 86' lang='lat' dir='ltr'><strong>dici</strong></span> <span class='ocrx_word' id='word_1_249' title='bbox 274 3020 409 3091; x_wconf 84' lang='lat' dir='ltr'><strong>poterat:</strong></span> <span class='ocrx_word' id='word_1_250' title='bbox 436 3034 514 3096; x_wconf 86' lang='lat' dir='ltr'><strong>qnae</strong></span> <span class='ocrx_word' id='word_1_251' title='bbox 530 3014 664 3092; x_wconf 75' lang='lat' dir='ltr'><strong>grugitis</strong></span> <span class='ocrx_word' id='word_1_252' title='bbox 679 3011 769 3069; x_wconf 69' lang='lat' dir='ltr'><strong>tauns</strong></span> <span class='ocrx_word' id='word_1_253' title='bbox 789 3013 861 3071; x_wconf 80' lang='lat' dir='ltr'><strong>lma</strong></span> <span class='ocrx_word' id='word_1_254' title='bbox 873 3023 973 3085; x_wconf 80' lang='lat' dir='ltr'><strong>tenes;</strong></span> <span class='ocrx_word' id='word_1_255' title='bbox 996 3021 1044 3088; x_wconf 90' lang='lat' dir='ltr'><strong>et,</strong></span> <span class='ocrx_word' id='word_1_256' title='bbox 1072 3025 1168 3072; x_wconf 88' lang='lat' dir='ltr'><strong>mater</strong></span> <span class='ocrx_word' id='word_1_257' title='bbox 1185 3035 1235 3072; x_wconf 90' lang='lat' dir='ltr'><strong>so·</strong></span> <span class='ocrx_word' id='word_1_258' title='bbox 1275 3023 1279 3030; x_wconf 90' lang='lat'>&#39;</span> 
     </span>
     <span class='ocr_line' id='line_1_30' title="bbox 109 3096 1236 3178; baseline 0.004 -25"><span class='ocrx_word' id='word_1_259' title='bbox 109 3098 207 3154; x_wconf 71' lang='lat' dir='ltr'><strong>mtum</strong></span> <span class='ocrx_word' id='word_1_260' title='bbox 218 3096 355 3156; x_wconf 81' lang='lat' dir='ltr'><strong>tlsalamo</strong></span> <span class='ocrx_word' id='word_1_261' title='bbox 367 3097 421 3156; x_wconf 81' lang='lat' dir='ltr'><strong>suh</strong></span> <span class='ocrx_word' id='word_1_262' title='bbox 430 3101 574 3178; x_wconf 75' lang='lat' dir='ltr'><strong>staminis</strong></span> <span class='ocrx_word' id='word_1_263' title='bbox 591 3099 649 3157; x_wconf 85' lang='lat' dir='ltr'><strong>alti</strong></span> <span class='ocrx_word' id='word_1_264' title='bbox 663 3097 770 3158; x_wconf 84' lang='lat' dir='ltr'><strong>Sensit.</strong></span> <span class='ocrx_word' id='word_1_265' title='bbox 816 3097 894 3161; x_wconf 86' lang='lat' dir='ltr'><strong>Tum</strong></span> <span class='ocrx_word' id='word_1_266' title='bbox 908 3109 977 3156; x_wconf 86' lang='lat' dir='ltr'><strong>ante</strong></span> <span class='ocrx_word' id='word_1_267' title='bbox 991 3099 1073 3158; x_wconf 82' lang='lat' dir='ltr'><strong>alias</strong></span> <span class='ocrx_word' id='word_1_268' title='bbox 1084 3098 1236 3158; x_wconf 64' lang='lat' dir='ltr'><strong>Aethusa</strong></span> 
     </span>
     <span class='ocr_line' id='line_1_31' title="bbox 110 3183 1234 3263; baseline 0.012 -27"><span class='ocrx_word' id='word_1_269' title='bbox 110 3199 221 3240; x_wconf 79' lang='lat' dir='ltr'><strong>somma</strong></span> <span class='ocrx_word' id='word_1_270' title='bbox 242 3183 448 3262; x_wconf 81' lang='lat' dir='ltr'><strong>Prospiciens,</strong></span> <span class='ocrx_word' id='word_1_271' title='bbox 476 3205 596 3244; x_wconf 76' lang='lat' dir='ltr'><strong>etatum</strong></span> <span class='ocrx_word' id='word_1_272' title='bbox 610 3184 960 3263; x_wconf 78' lang='lat' dir='ltr'><strong>flaviancaputextuiit</strong></span> <span class='ocrx_word' id='word_1_273' title='bbox 979 3183 1063 3244; x_wconf 76' lang='lat' dir='ltr'><strong>meda</strong></span> <span class='ocrx_word' id='word_1_274' title='bbox 1076 3185 1148 3250; x_wconf 83' lang='lat'><strong>851.</strong></span> <span class='ocrx_word' id='word_1_275' title='bbox 1162 3185 1234 3261; x_wconf 77' lang='lat'><strong>352,</strong></span> 
     </span>
     <span class='ocr_line' id='line_1_32' title="bbox 110 3265 1237 3350; baseline 0.005 -27"><span class='ocrx_word' id='word_1_276' title='bbox 110 3265 244 3345; x_wconf 82' lang='lat' dir='ltr'><strong>adeoque</strong></span> <span class='ocrx_word' id='word_1_277' title='bbox 255 3287 310 3348; x_wconf 89' lang='lat' dir='ltr'><strong>per</strong></span> <span class='ocrx_word' id='word_1_278' title='bbox 320 3270 433 3329; x_wconf 84' lang='lat' dir='ltr'><strong>sontem</strong></span> <span class='ocrx_word' id='word_1_279' title='bbox 445 3270 609 3350; x_wconf 83' lang='lat' dir='ltr'><strong>prospexit.</strong></span> <span class='ocrx_word' id='word_1_280' title='bbox 646 3268 716 3342; x_wconf 91' lang='lat' dir='ltr'><strong>Quo</strong></span> <span class='ocrx_word' id='word_1_281' title='bbox 731 3267 821 3328; x_wconf 90' lang='lat' dir='ltr'><strong>modo</strong></span> <span class='ocrx_word' id='word_1_282' title='bbox 834 3266 893 3326; x_wconf 88' lang='lat' dir='ltr'><strong>hoc</strong></span> <span class='ocrx_word' id='word_1_283' title='bbox 903 3267 968 3328; x_wconf 81' lang='lat' dir='ltr'><strong>tisri</strong></span> <span class='ocrx_word' id='word_1_284' title='bbox 980 3270 1126 3348; x_wconf 88' lang='lat' dir='ltr'><strong>potuerit:</strong></span> <span class='ocrx_word' id='word_1_285' title='bbox 1153 3278 1237 3330; x_wconf 88' lang='lat' dir='ltr'><strong>recte</strong></span> 
     </span>
     <span class='ocr_line' id='line_1_33' title="bbox 99 3353 1236 3436; baseline 0.004 -25"><span class='ocrx_word' id='word_1_286' title='bbox 99 3365 172 3411; x_wconf 85' lang='lat' dir='ltr'><strong>&#39;nou</strong></span> <span class='ocrx_word' id='word_1_287' title='bbox 186 3353 288 3431; x_wconf 82' lang='lat' dir='ltr'><strong>attigit</strong></span> <span class='ocrx_word' id='word_1_288' title='bbox 297 3365 400 3434; x_wconf 85' lang='lat' dir='ltr'><strong>poeta:</strong></span> <span class='ocrx_word' id='word_1_289' title='bbox 425 3356 464 3414; x_wconf 86' lang='lat' dir='ltr'><strong>ad</strong></span> <span class='ocrx_word' id='word_1_290' title='bbox 479 3376 598 3416; x_wconf 85' lang='lat' dir='ltr'><strong>sensum</strong></span> <span class='ocrx_word' id='word_1_291' title='bbox 613 3355 691 3414; x_wconf 87' lang='lat' dir='ltr'><strong>enim</strong></span> <span class='ocrx_word' id='word_1_292' title='bbox 707 3355 777 3412; x_wconf 88' lang='lat' dir='ltr'><strong>satis</strong></span> <span class='ocrx_word' id='word_1_293' title='bbox 790 3353 946 3414; x_wconf 88' lang='lat' dir='ltr'><strong>commode</strong></span> <span class='ocrx_word' id='word_1_294' title='bbox 962 3374 1009 3413; x_wconf 90' lang='lat' dir='ltr'><strong>res</strong></span> <span class='ocrx_word' id='word_1_295' title='bbox 1027 3354 1164 3436; x_wconf 82' lang='lat' dir='ltr'><strong>expediri</strong></span> <span class='ocrx_word' id='word_1_296' title='bbox 1181 3375 1236 3415; x_wconf 86' lang='lat' dir='ltr'><strong>ne-</strong></span> 
     </span>
     <span class='ocr_line' id='line_1_34' title="bbox 110 3437 1235 3520; baseline 0.004 -24"><span class='ocrx_word' id='word_1_297' title='bbox 110 3437 186 3514; x_wconf 88' lang='lat' dir='ltr'><strong>quit.</strong></span> <span class='ocrx_word' id='word_1_298' title='bbox 229 3439 318 3501; x_wconf 88' lang='lat' dir='ltr'><strong>Nunc</strong></span> <span class='ocrx_word' id='word_1_299' title='bbox 331 3449 426 3502; x_wconf 82' lang='lat' dir='ltr'><strong>mater</strong></span> <span class='ocrx_word' id='word_1_300' title='bbox 442 3441 539 3502; x_wconf 88' lang='lat' dir='ltr'><strong>filium</strong></span> <span class='ocrx_word' id='word_1_301' title='bbox 558 3441 644 3501; x_wconf 81' lang='lat' dir='ltr'><strong>iubet</strong></span> <span class='ocrx_word' id='word_1_302' title='bbox 667 3439 860 3500; x_wconf 88' lang='lat' dir='ltr'><strong>descendere:</strong></span> <span class='ocrx_word' id='word_1_303' title='bbox 887 3438 1078 3500; x_wconf 85' lang='lat' dir='ltr'><strong>hauddubie</strong></span> <span class='ocrx_word' id='word_1_304' title='bbox 1100 3460 1154 3520; x_wconf 89' lang='lat' dir='ltr'><strong>per</strong></span> <span class='ocrx_word' id='word_1_305' title='bbox 1166 3441 1235 3500; x_wconf 85' lang='lat' dir='ltr'><strong>fon·-</strong></span> 
     </span>
     <span class='ocr_line' id='line_1_35' title="bbox 110 3523 1238 3608; baseline 0.005 -28"><span class='ocrx_word' id='word_1_306' title='bbox 110 3530 172 3580; x_wconf 89' lang='lat' dir='ltr'><strong>tem</strong></span> <span class='ocrx_word' id='word_1_307' title='bbox 192 3523 298 3601; x_wconf 87' lang='lat' dir='ltr'><strong>Penei,</strong></span> <span class='ocrx_word' id='word_1_308' title='bbox 329 3525 402 3586; x_wconf 91' lang='lat' dir='ltr'><strong>dum</strong></span> <span class='ocrx_word' id='word_1_309' title='bbox 422 3548 513 3608; x_wconf 86' lang='lat' dir='ltr'><strong>aquas</strong></span> <span class='ocrx_word' id='word_1_310' title='bbox 532 3527 684 3588; x_wconf 76' lang='lat' dir='ltr'><strong>dboedere</strong></span> <span class='ocrx_word' id='word_1_311' title='bbox 709 3535 741 3586; x_wconf 87' lang='lat' dir='ltr'><strong>et</strong></span> <span class='ocrx_word' id='word_1_312' title='bbox 756 3526 838 3586; x_wconf 68' lang='lat' dir='ltr'><strong>mam</strong></span> <span class='ocrx_word' id='word_1_313' title='bbox 858 3525 1003 3606; x_wconf 86' lang='lat' dir='ltr'><strong>eiparare</strong></span> <span class='ocrx_word' id='word_1_314' title='bbox 1015 3527 1123 3586; x_wconf 88' lang='lat' dir='ltr'><strong>edicit:</strong></span> <span class='ocrx_word' id='word_1_315' title='bbox 1144 3527 1238 3586; x_wconf 80' lang='lat' dir='ltr'><strong>simui</strong></span> 
     </span>
     <span class='ocr_line' id='line_1_36' title="bbox 110 3607 1231 3692; baseline 0.005 -26"><span class='ocrx_word' id='word_1_316' title='bbox 110 3607 178 3666; x_wconf 87' lang='lat' dir='ltr'><strong>alta</strong></span> <span class='ocrx_word' id='word_1_317' title='bbox 196 3609 274 3670; x_wconf 76' lang='lat' dir='ltr'><strong>iethet</strong></span> <span class='ocrx_word' id='word_1_318' title='bbox 292 3611 439 3672; x_wconf 84' lang='lat' dir='ltr'><strong>discedere</strong></span> <span class='ocrx_word' id='word_1_319' title='bbox 463 3615 525 3673; x_wconf 83' lang='lat' dir='ltr'><strong>late</strong></span> <span class='ocrx_word' id='word_1_320' title='bbox 545 3615 709 3687; x_wconf 66' lang='lat' dir='ltr'><strong>namma,</strong></span> <span class='ocrx_word' id='word_1_321' title='bbox 741 3633 803 3692; x_wconf 81' lang='lat' dir='ltr'><strong>qun</strong></span> <span class='ocrx_word' id='word_1_322' title='bbox 824 3615 941 3672; x_wconf 71' lang='lat' dir='ltr'><strong>devenir</strong></span> <span class='ocrx_word' id='word_1_323' title='bbox 958 3632 1079 3692; x_wconf 77' lang='lat' dir='ltr'><strong>gmssus</strong></span> <span class='ocrx_word' id='word_1_324' title='bbox 1094 3611 1231 3690; x_wconf 78' lang='lat' dir='ltr'><strong>issemt.</strong></span> 
     </span>
     <span class='ocr_line' id='line_1_37' title="bbox 110 3693 1236 3776; baseline 0.001 -19"><span class='ocrx_word' id='word_1_325' title='bbox 110 3693 183 3758; x_wconf 78' lang='lat'><strong>359.</strong></span> <span class='ocrx_word' id='word_1_326' title='bbox 202 3699 274 3760; x_wconf 77' lang='lat'><strong>360.</strong></span> <span class='ocrx_word' id='word_1_327' title='bbox 317 3697 406 3758; x_wconf 89' lang='lat' dir='ltr'><strong>Nunc</strong></span> <span class='ocrx_word' id='word_1_328' title='bbox 419 3699 549 3760; x_wconf 85' lang='lat' dir='ltr'><strong>traditur</strong></span> <span class='ocrx_word' id='word_1_329' title='bbox 563 3697 687 3760; x_wconf 88' lang='lat' dir='ltr'><strong>modus:</strong></span> <span class='ocrx_word' id='word_1_330' title='bbox 709 3717 804 3776; x_wconf 83' lang='lat' dir='ltr'><strong>aquae</strong></span> <span class='ocrx_word' id='word_1_331' title='bbox 817 3697 911 3756; x_wconf 84' lang='lat' dir='ltr'><strong>sontis</strong></span> <span class='ocrx_word' id='word_1_332' title='bbox 925 3697 1012 3757; x_wconf 89' lang='lat' dir='ltr'><strong>Penei</strong></span> <span class='ocrx_word' id='word_1_333' title='bbox 1029 3701 1060 3758; x_wconf 89' lang='lat' dir='ltr'><strong>in</strong></span> <span class='ocrx_word' id='word_1_334' title='bbox 1074 3697 1172 3758; x_wconf 86' lang='lat' dir='ltr'><strong>medis</strong></span> <span class='ocrx_word' id='word_1_335' title='bbox 1189 3699 1236 3758; x_wconf 89' lang='lat' dir='ltr'><strong>sui</strong></span> 
     </span>
     <span class='ocr_line' id='line_1_38' title="bbox 109 3782 1237 3864; baseline 0.005 -26"><span class='ocrx_word' id='word_1_336' title='bbox 109 3787 197 3859; x_wconf 85' lang='lat' dir='ltr'><strong>parto</strong></span> <span class='ocrx_word' id='word_1_337' title='bbox 208 3783 360 3861; x_wconf 79' lang='lat' dir='ltr'><strong>repressae</strong></span> <span class='ocrx_word' id='word_1_338' title='bbox 372 3794 532 3863; x_wconf 85' lang='lat' dir='ltr'><strong>assurgunt</strong></span> <span class='ocrx_word' id='word_1_339' title='bbox 541 3785 575 3845; x_wconf 88' lang='lat' dir='ltr'><strong>in</strong></span> <span class='ocrx_word' id='word_1_340' title='bbox 590 3783 702 3844; x_wconf 85' lang='lat' dir='ltr'><strong>montis</strong></span> <span class='ocrx_word' id='word_1_341' title='bbox 720 3783 856 3843; x_wconf 87' lang='lat' dir='ltr'><strong>excavati</strong></span> <span class='ocrx_word' id='word_1_342' title='bbox 871 3782 998 3864; x_wconf 88' lang='lat' dir='ltr'><strong>speciem</strong></span> <span class='ocrx_word' id='word_1_343' title='bbox 1006 3828 1015 3859; x_wconf 95' lang='lat'><strong>,</strong></span> <span class='ocrx_word' id='word_1_344' title='bbox 1037 3793 1069 3844; x_wconf 88' lang='lat' dir='ltr'><strong>et</strong></span> <span class='ocrx_word' id='word_1_345' title='bbox 1081 3793 1237 3862; x_wconf 68' lang='lat' dir='ltr'><strong>umquam</strong></span> 
     </span>
     <span class='ocr_line' id='line_1_39' title="bbox 109 3864 1236 3950; baseline 0.003 -24"><span class='ocrx_word' id='word_1_346' title='bbox 109 3864 208 3942; x_wconf 68' lang='lat' dir='ltr'><strong>uam,</strong></span> <span class='ocrx_word' id='word_1_347' title='bbox 236 3867 269 3926; x_wconf 91' lang='lat' dir='ltr'><strong>in</strong></span> <span class='ocrx_word' id='word_1_348' title='bbox 283 3887 370 3929; x_wconf 87' lang='lat' dir='ltr'><strong>arcus</strong></span> <span class='ocrx_word' id='word_1_349' title='bbox 389 3871 516 3950; x_wconf 87' lang='lat' dir='ltr'><strong>speciem</strong></span> <span class='ocrx_word' id='word_1_350' title='bbox 533 3871 660 3945; x_wconf 78' lang='lat' dir='ltr'><strong>sacam,</strong></span> <span class='ocrx_word' id='word_1_351' title='bbox 681 3869 839 3950; x_wconf 88' lang='lat' dir='ltr'><strong>praebent:</strong></span> <span class='ocrx_word' id='word_1_352' title='bbox 863 3869 995 3928; x_wconf 61' lang='lat' dir='ltr'><strong>ssawata</strong></span> <span class='ocrx_word' id='word_1_353' title='bbox 1013 3871 1045 3927; x_wconf 83' lang='lat' dir='ltr'><strong>in</strong></span> <span class='ocrx_word' id='word_1_354' title='bbox 1060 3870 1236 3948; x_wconf 78' lang='lat' dir='ltr'><strong>montisfa-</strong></span> 
     </span>
     <span class='ocr_line' id='line_1_40' title="bbox 109 3953 1234 4036; baseline 0.003 -27"><span class='ocrx_word' id='word_1_355' title='bbox 109 3954 186 4010; x_wconf 87' lang='lat' dir='ltr'><strong>ciem</strong></span> <span class='ocrx_word' id='word_1_356' title='bbox 199 3955 391 4014; x_wconf 79' lang='lat' dir='ltr'><strong>ciunnsstetit</strong></span> <span class='ocrx_word' id='word_1_357' title='bbox 406 3957 489 4016; x_wconf 79' lang='lat' dir='ltr'><strong>weda</strong></span> <span class='ocrx_word' id='word_1_358' title='bbox 502 3956 684 4036; x_wconf 84' lang='lat' dir='ltr'><strong>Accepitque</strong></span> <span class='ocrx_word' id='word_1_359' title='bbox 697 3958 766 4015; x_wconf 82' lang='lat' dir='ltr'><strong>siaa</strong></span> <span class='ocrx_word' id='word_1_360' title='bbox 781 3965 867 4014; x_wconf 75' lang='lat' dir='ltr'><strong>vasto</strong></span> <span class='ocrx_word' id='word_1_361' title='bbox 879 3958 1017 4034; x_wconf 83' lang='lat' dir='ltr'><strong>misitque</strong></span> <span class='ocrx_word' id='word_1_362' title='bbox 1030 3953 1085 4012; x_wconf 85' lang='lat' dir='ltr'><strong>sub</strong></span> <span class='ocrx_word' id='word_1_363' title='bbox 1097 3975 1234 4013; x_wconf 84' lang='lat' dir='ltr'><strong>ansnem:</strong></span> 
     </span>
     <span class='ocr_line' id='line_1_41' title="bbox 109 4039 1236 4122; baseline -0.002 -21"><span class='ocrx_word' id='word_1_364' title='bbox 109 4041 183 4101; x_wconf 84' lang='grc'><strong>861.</strong></span> <span class='ocrx_word' id='word_1_365' title='bbox 196 4041 268 4103; x_wconf 81' lang='lat'><strong>362.</strong></span> <span class='ocrx_word' id='word_1_366' title='bbox 287 4040 365 4100; x_wconf 89' lang='lat' dir='ltr'><strong>Tum</strong></span> <span class='ocrx_word' id='word_1_367' title='bbox 377 4041 426 4101; x_wconf 91' lang='lat' dir='ltr'><strong>ille</strong></span> <span class='ocrx_word' id='word_1_368' title='bbox 440 4041 473 4101; x_wconf 86' lang='lat' dir='ltr'><strong>in</strong></span> <span class='ocrx_word' id='word_1_369' title='bbox 484 4061 621 4122; x_wconf 84' lang='lat' dir='ltr'><strong>magnam</strong></span> <span class='ocrx_word' id='word_1_370' title='bbox 632 4039 713 4100; x_wconf 87' lang='lat' dir='ltr'><strong>illam</strong></span> <span class='ocrx_word' id='word_1_371' title='bbox 729 4041 905 4114; x_wconf 77' lang='lat' dir='ltr'><strong>caveram,</strong></span> <span class='ocrx_word' id='word_1_372' title='bbox 927 4039 965 4100; x_wconf 87' lang='lat' dir='ltr'><strong>da</strong></span> <span class='ocrx_word' id='word_1_373' title='bbox 976 4059 1036 4117; x_wconf 84' lang='lat' dir='ltr'><strong>qua</strong></span> <span class='ocrx_word' id='word_1_374' title='bbox 1051 4039 1154 4120; x_wconf 85' lang='lat' dir='ltr'><strong>paullo</strong></span> <span class='ocrx_word' id='word_1_375' title='bbox 1166 4049 1236 4099; x_wconf 85' lang='lat' dir='ltr'><strong>ante</strong></span> 
     </span>
     <span class='ocr_line' id='line_1_42' title="bbox 110 4122 1237 4206; baseline 0.002 -24"><span class='ocrx_word' id='word_1_376' title='bbox 110 4122 240 4199; x_wconf 92' lang='lat' dir='ltr'><strong>dictum,</strong></span> <span class='ocrx_word' id='word_1_377' title='bbox 262 4125 344 4185; x_wconf 85' lang='lat' dir='ltr'><strong>unde</strong></span> <span class='ocrx_word' id='word_1_378' title='bbox 364 4127 524 4188; x_wconf 86' lang='lat' dir='ltr'><strong>fluminum</strong></span> <span class='ocrx_word' id='word_1_379' title='bbox 546 4125 672 4188; x_wconf 77' lang='lat' dir='ltr'><strong>exordia</strong></span> <span class='ocrx_word' id='word_1_380' title='bbox 690 4135 722 4185; x_wconf 86' lang='lat' dir='ltr'><strong>et</strong></span> <span class='ocrx_word' id='word_1_381' title='bbox 735 4127 832 4186; x_wconf 84' lang='lat' dir='ltr'><strong>sontes</strong></span> <span class='ocrx_word' id='word_1_382' title='bbox 846 4125 1033 4206; x_wconf 85' lang='lat' dir='ltr'><strong>procedunt,</strong></span> <span class='ocrx_word' id='word_1_383' title='bbox 1054 4125 1237 4204; x_wconf 79' lang='lat' dir='ltr'><strong>pervenitet</strong></span> 
     </span>
     <span class='ocr_line' id='line_1_43' title="bbox 108 4207 1237 4290; baseline 0 -20"><span class='ocrx_word' id='word_1_384' title='bbox 108 4207 139 4270; x_wconf 90' lang='lat' dir='ltr'><strong>in</strong></span> <span class='ocrx_word' id='word_1_385' title='bbox 161 4210 265 4270; x_wconf 85' lang='lat' dir='ltr'><strong>matris</strong></span> <span class='ocrx_word' id='word_1_386' title='bbox 286 4211 409 4274; x_wconf 84' lang='lat' dir='ltr'><strong>domum</strong></span> <span class='ocrx_word' id='word_1_387' title='bbox 429 4233 484 4273; x_wconf 86' lang='lat' dir='ltr'><strong>seu</strong></span> <span class='ocrx_word' id='word_1_388' title='bbox 504 4213 676 4272; x_wconf 77' lang='lat' dir='ltr'><strong>tisalanuem</strong></span> <span class='ocrx_word' id='word_1_389' title='bbox 696 4211 873 4276; x_wconf 87' lang='lat' dir='ltr'><strong>adducitur:</strong></span> <span class='ocrx_word' id='word_1_390' title='bbox 894 4217 957 4278; x_wconf 84' lang='grc'><strong>868</strong></span> <span class='ocrx_word' id='word_1_391' title='bbox 970 4232 1014 4290; x_wconf 76' lang='lat' dir='ltr'><strong>aq.</strong></span> <span class='ocrx_word' id='word_1_392' title='bbox 1036 4211 1237 4272; x_wconf 87' lang='lat' dir='ltr'><strong>Cumulantur</strong></span> 
     </span>
     <span class='ocr_line' id='line_1_44' title="bbox 108 4293 1234 4379; baseline 0.003 -26"><span class='ocrx_word' id='word_1_393' title='bbox 108 4293 226 4358; x_wconf 81' lang='lat' dir='ltr'><strong>baecin</strong></span> <span class='ocrx_word' id='word_1_394' title='bbox 248 4316 307 4358; x_wconf 85' lang='lat' dir='ltr'><strong>vas.</strong></span> <span class='ocrx_word' id='word_1_395' title='bbox 323 4303 386 4364; x_wconf 87' lang='grc'><strong>868</strong></span> <span class='ocrx_word' id='word_1_396' title='bbox 400 4319 464 4379; x_wconf 87' lang='lat' dir='ltr'><strong>sqq.</strong></span> <span class='ocrx_word' id='word_1_397' title='bbox 491 4301 618 4358; x_wconf 78' lang='lat' dir='ltr'><strong>miatur</strong></span> <span class='ocrx_word' id='word_1_398' title='bbox 637 4297 760 4358; x_wconf 78' lang='lat' dir='ltr'><strong>dannan</strong></span> <span class='ocrx_word' id='word_1_399' title='bbox 776 4300 934 4378; x_wconf 76' lang='lat' dir='ltr'><strong>genetricis</strong></span> <span class='ocrx_word' id='word_1_400' title='bbox 947 4309 975 4356; x_wconf 90' lang='lat' dir='ltr'><strong>et</strong></span> <span class='ocrx_word' id='word_1_401' title='bbox 987 4297 1115 4357; x_wconf 69' lang='lat' dir='ltr'><strong>hanida</strong></span> <span class='ocrx_word' id='word_1_402' title='bbox 1127 4317 1234 4376; x_wconf 80' lang='lat' dir='ltr'><strong>regna,</strong></span> 
     </span>
     <span class='ocr_line' id='line_1_45' title="bbox 110 4381 1238 4464; baseline -0.001 -23"><span class='ocrx_word' id='word_1_403' title='bbox 110 4381 321 4464; x_wconf 56' lang='lat' dir='ltr'><strong>Speluncam</strong></span> <span class='ocrx_word' id='word_1_404' title='bbox 333 4387 419 4445; x_wconf 83' lang='lat' dir='ltr'><strong>lacus</strong></span> <span class='ocrx_word' id='word_1_405' title='bbox 431 4387 560 4460; x_wconf 75' lang='lat' dir='ltr'><strong>cimaea,</strong></span> <span class='ocrx_word' id='word_1_406' title='bbox 574 4384 714 4463; x_wconf 74' lang='lat' dir='ltr'><strong>dacosque</strong></span> <span class='ocrx_word' id='word_1_407' title='bbox 725 4397 913 4444; x_wconf 81' lang='lat' dir='ltr'><strong>sonantes-</strong></span> <span class='ocrx_word' id='word_1_408' title='bbox 929 4383 1042 4442; x_wconf 90' lang='lat' dir='ltr'><strong>Omnia</strong></span> <span class='ocrx_word' id='word_1_409' title='bbox 1054 4382 1109 4440; x_wconf 81' lang='lat' dir='ltr'><strong>suh</strong></span> <span class='ocrx_word' id='word_1_410' title='bbox 1121 4403 1238 4460; x_wconf 78' lang='lat' dir='ltr'><strong>magna</strong></span> 
     </span>
     <span class='ocr_line' id='line_1_46' title="bbox 112 4463 1236 4552; baseline -0.001 -24"><span class='ocrx_word' id='word_1_411' title='bbox 112 4463 389 4548; x_wconf 59' lang='lat' dir='ltr'><strong>Wandaflnmina</strong></span> <span class='ocrx_word' id='word_1_412' title='bbox 403 4484 480 4532; x_wconf 79' lang='lat' dir='ltr'><strong>terra</strong></span> <span class='ocrx_word' id='word_1_413' title='bbox 496 4467 658 4552; x_wconf 84' lang='lat' dir='ltr'><strong>Spectabat</strong></span> <span class='ocrx_word' id='word_1_414' title='bbox 673 4470 792 4532; x_wconf 85' lang='lat' dir='ltr'><strong>diversa</strong></span> <span class='ocrx_word' id='word_1_415' title='bbox 806 4473 897 4545; x_wconf 68' lang='grc' dir='ltr'><strong>ἰοοὶε,</strong></span> <span class='ocrx_word' id='word_1_416' title='bbox 918 4479 1071 4546; x_wconf 88' lang='lat' dir='ltr'><strong>tamquam</strong></span> <span class='ocrx_word' id='word_1_417' title='bbox 1085 4469 1117 4528; x_wconf 91' lang='lat' dir='ltr'><strong>in</strong></span> <span class='ocrx_word' id='word_1_418' title='bbox 1129 4489 1236 4548; x_wconf 83' lang='lat' dir='ltr'><strong>magno</strong></span> 
     </span>
    </p>
   </div>
   <div class='ocr_carea' id='block_1_4' title="bbox 0 0 1387 4990">
    <p class='ocr_par' dir='ltr' id='par_1_4' title="bbox 0 0 1387 4990">
     <span class='ocr_line' id='line_1_47' title="bbox 0 0 1387 4990; baseline 0 0"><span class='ocrx_word' id='word_1_419' title='bbox 0 0 1387 4990; x_wconf 95' lang='lat' dir='ltr'><strong> </strong></span> 
     </span>
    </p>
   </div>
  </div>
 </body>
</html>
