2784 4988
180 386 259 440 xxx
474 361 550 436 EX
577 359 1008 438 PRAEFATIONE

181 573 343 651 semper
353 545 493 640 habui,
518 559 566 650 ut
577 543 812 624 refellendis
831 561 897 624 aut
913 546 1114 625 elevandis
1132 544 1319 622 aliorum

182 654 295 730 dictis
331 651 533 750 indignam
569 663 610 726 et
638 651 854 750 ignobilem
887 651 1057 750 gloriam
1092 663 1317 752 captarem.

180 757 309 836 Multo
331 755 455 853 magis
476 753 665 830 abhorrui
691 781 712 830 a
734 753 859 830 foedo
884 755 954 832 illo
976 779 1113 849 more,
1148 751 1320 830 cavilla-

181 863 311 936 tiones
328 857 511 934 scurriles
525 872 564 933 et
583 858 868 934 contumeliosa
890 859 992 936 dicta
1010 861 1051 934 in
1070 857 1167 933 alios
1183 855 1318 932 laude

182 989 255 1040 scu
278 964 419 1038 merita
439 985 510 1039 seu
532 963 728 1038 immerita
753 977 913 1038 ornatos
937 961 1122 1058 iaciendi,
1150 973 1233 1056 aut,
1260 973 1320 1034 ut

181 1067 348 1160 habeas,
373 1090 457 1167 quo
481 1091 551 1142 eos
572 1068 758 1164 exagites,
786 1067 887 1142 dicta
911 1068 959 1143 ab
976 1069 1022 1143 iis
1045 1063 1318 1166 impudenter

184 1170 458 1248 calumniandi.
500 1173 648 1250 Contra
663 1185 819 1269 gratum
835 1171 934 1246 mihi
950 1185 990 1246 et
1006 1168 1226 1246 iucundum
1244 1167 1319 1242 in-

181 1299 391 1376 genuaque
414 1272 552 1350 indole
577 1275 741 1374 dignum
764 1275 892 1350 visum
915 1289 992 1370 est,
1027 1270 1208 1374 profiteri
1230 1295 1320 1370 per

183 1403 285 1481 quos
314 1375 593 1478 profecissem3
619 1403 769 1480 meque
793 1377 961 1454 meliora
988 1377 1150 1452 edoceri
1175 1400 1196 1449 a
1217 1398 1318 1448 me-

183 1482 349 1557 lioribus
369 1494 487 1582 atque
511 1483 630 1558 etiam
651 1481 802 1576 refelli,
830 1483 964 1557 animo
983 1505 1113 1581 aequo
1129 1477 1238 1574 sero,
1269 1490 1320 1552 et

182 1611 279 1662 vero
299 1585 416 1658 etiam
433 1581 569 1664 laetor.
624 1585 978 1680 Quemadmodum
992 1598 1146 1679 tamen,
1173 1581 1317 1656 minus

181 1702 291 1764 recte
315 1685 464 1787 aliquid
488 1688 639 1764 dictum
656 1713 757 1780 esse,
784 1687 899 1764 facile
919 1686 1122 1764 interdum
1142 1699 1202 1760 est
1222 1684 1317 1758 ani-

181 1791 453 1884 madvertere3
496 1817 573 1894 qua
594 1805 729 1867 tamen
750 1793 790 1866 in
816 1817 861 1867 re
885 1793 1029 1868 erroris
1049 1801 1315 1866 momentum

183 1894 312 1987 lateat,
340 1893 491 1989 dicere,
519 1909 559 1970 et
575 1895 742 1971 nebulas
757 1897 905 1971 erroris
925 1895 1099 1971 obiectas
1113 1893 1198 1968 sine
1216 1890 1315 1965 lon·
1390 1945 1391 1988 ,

182 2022 230 2097 ga
256 1997 540 2097 disputatione,
568 1998 795 2100 dispellere,
825 1998 988 2075 difficile
1016 2011 1091 2075 est:
1127 1997 1179 2071 ita
1201 1993 1316 2069 mul-
1390 2085 1391 2092 ἵ

182 2115 270 2178 tum
292 2101 495 2178 interdum
522 2105 721 2180 consumsi
745 2127 911 2205 operae,
937 2116 983 2180 ut
1001 2126 1084 2180 uno
1102 2101 1228 2176 verbo
1246 2122 1318 2172 er-

182 2207 282 2281 roris
308 2202 467 2284 fontem
489 2219 529 2282 et
552 2231 728 2284 caussam
751 2206 1013 2303 declararem,
1048 2217 1115 2281 aut
1136 2215 1181 2278 ut
1207 2200 1319 2277 illud

184 2333 449 2410 apponerem,
543 2335 568 2385 o
592 2312 708 2387 simili
736 2311 904 2387 aliorum
928 2311 1053 2387 errori
1077 2329 1319 2384 occurrere·
1390 2369 1391 2378 i

182 2427 265 2490 tur:
304 2437 395 2488 cum
417 2438 488 2488 mo
521 2438 546 2489 o
567 2439 686 2490 usum
705 2414 899 2518 loquendi
922 2415 1144 2514 poeticum,
1177 2409 1316 2485 modo

182 2517 388 2618 poeticum
414 2517 576 2620 aliquod
593 2518 841 2620 phantasma,
869 2516 996 2594 modo
1013 2514 1228 2613 mythicam
1246 2537 1317 2586 ra-

182 2622 337 2696 tionem
361 2646 502 2720 parum
527 2636 636 2699 recte
662 2624 791 2699 teneri
813 2621 1004 2698 viderem.
1059 2618 1141 2694 Sed
1164 2617 1316 2692 monui

182 2721 270 2799 fere
302 2725 428 2801 verbo
458 2739 630 2820 tantum;
665 2724 888 2802 cuiusmodi
915 2726 947 2800 si
979 2721 1173 2798 nonnulla
1200 2717 1315 2796 forte
1389 2737 1390 2740 ’

184 2841 413 2923 occurrent,
442 2855 564 2930 quae,
592 2856 662 2906 cur
687 2855 792 2905 ame
810 2829 985 2930 apposita
1006 2829 1100 2924 sint,
1129 2847 1213 2898 non
1229 2835 1317 2897 sta-

183 2933 256 3005 tim
280 2933 436 3031 assequi
463 2935 586 3032 possit
608 2933 736 3008 lector
755 2931 890 3033 paullo
919 2931 1085 3006 acutior:
1121 2939 1317 3025 respectu

184 3033 234 3107 ad
258 3031 499 3109 nobiliorem
526 3036 701 3136 aliquem
723 3048 1101 3126 commentatorem,
1129 3029 1316 3131 quamvis

184 3159 287 3236 ame
302 3159 386 3210 non
405 3139 676 3236 nominatum,
703 3138 858 3235 habito,
887 3139 1035 3214 adiecta
1051 3161 1096 3210 ea
1118 3155 1202 3208 esse
1217 3155 1315 3206 me-

182 3239 363 3333 minerit,
390 3252 453 3334 ut,
481 3263 572 3316 cum
587 3241 660 3315 viri
683 3243 801 3317 etiam
818 3242 925 3317 docti
947 3243 988 3316 in
1008 3263 1101 3314 eum
1126 3257 1316 3312 errorem
1390 3291 1391 3296 ,

185 3355 317 3416 essent
343 3342 513 3442 abrepti,
549 3337 800 3440 adolescens,
836 3345 903 3446 qui
932 3343 972 3417 in
999 3341 1169 3416 similem
1196 3363 1318 3414 erro-

182 3469 272 3520 rem
294 3458 361 3522 aut
381 3443 658 3522 difficultatem
683 3462 752 3524 aut
779 3445 1017 3524 ineundam
1045 3446 1315 3545 interpretem

183 3548 386 3647 inciderit,
413 3550 542 3624 statim
557 3551 718 3648 habeat,
747 3577 828 3654 quo
845 3576 939 3627 eum
955 3549 1175 3647 redarguat.
1229 3547 1316 3622 Ce-

183 3665 315 3730 terum
343 3678 430 3729 eam
450 3651 599 3752 legem,
627 3680 728 3758 quae
749 3656 965 3755 unicuique
989 3650 1195 3751 interpreti
1210 3672 1317 3748 pro-

183 3757 311 3857 posita
338 3781 423 3833 esse
451 3757 589 3854 debet,
618 3771 663 3834 ut
680 3758 796 3855 nihil,
825 3757 936 3860 quod
954 3755 1044 3831 luce
1059 3754 1186 3854 aliqua
1197 3751 1317 3826 'indi-

183 3873 291 3956 gerat,
319 3860 479 3936 eumad
505 3861 783 3938 illustrandum
812 3859 975 3936 difficile
994 3861 1057 3950 sit,
1086 3857 1242 3932 omittat
1265 3879 1316 3931 ac

183 3973 425 4062 praetereat,
451 3963 550 4040 nihil
568 3979 718 4062 autem,
748 3964 858 4066 quod
872 3965 961 4038 satis
974 3962 1071 4038 lucis
1088 3985 1162 4060 per
1176 3981 1219 4032 se
1235 3957 1316 4036 ha-

184 4065 297 4159 beat,
335 4064 470 4144 alienis
493 4066 716 4170 luminibus
748 4066 883 4144 affusis
908 4063 1081 4141 offuscet
1102 4075 1143 4138 et
1162 4061 1315 4136 obscu-

184 4181 263 4264 ret,
290 4193 497 4272 nunquam
517 4198 566 4272 er
586 4171 708 4248 oculis
733 4171 881 4268 dimisi,
908 4192 1035 4270 eaque
1054 4165 1245 4241 industria
1270 4178 1316 4239 et

186 4273 369 4347 cautione
394 4299 461 4350 me
486 4275 583 4352 illud
614 4289 870 4377 assequutum
894 4297 980 4350 esse
1010 4293 1149 4371 spero,
1179 4279 1244 4362 ut,
1279 4269 1316 4342 si

185 4399 269 4450 non
293 4399 422 4454 raram
453 4377 676 4455 doctrinam
702 4393 742 4457 et
763 4377 970 4480 exquisitas
991 4373 1143 4472 ubique
1168 4369 1315 4446 obser-
