2606 5008
166 425 242 498 eae
415 411 1060 508 ev1ec1u11s1snosrs

169 603 232 678 Sic
248 603 368 700 cytiso
384 613 518 701 pastae
538 597 765 673 distendant
778 597 901 672 ubere
918 621 1075 675 vaccae:

167 707 322 806 Incipe,
349 705 381 780 si
398 702 494 804 quid
511 701 644 780 habes.
695 703 746 776 Et
758 723 825 775 me
841 697 974 776 fecere
991 713 1160 800 poetam

167 808 361 900 Pierides3
388 819 480 903 sunt
498 805 650 880 etmihi
667 805 857 896 carmina3
883 829 950 879 me
971 829 1141 905 quoque
1161 801 1275 877 dicunt

168 919 309 992 Vatem
325 924 518 1012 pastores:
545 908 716 984 sednon
736 931 810 1006 ego
831 906 1014 982 credulus
1032 907 1119 984 illis.

167 1021 268 1094 Nam
278 1039 412 1116 neque
427 1012 556 1088 adhuc
564 1014 681 1091 Vario
693 1012 844 1108 videor,
858 1037 933 1087 nec
948 1011 1083 1086 dicere
1097 1010 1221 1088 Cinna
1238 1009 1275 1084 35

202 1204 234 1259 31
254 1203 413 1255 distendant
431 1202 522 1254 Heius.
540 1221 554 1253 e
573 1201 740 1266 melioribus,
765 1202 842 1254 etiam
858 1201 895 1253 sic
915 1201 1026 1264 Medic,
1052 1201 1148 1270 sicque
1167 1199 1209 1250 alii
1224 1195 1277 1266 apud

167 1273 245 1335 Piae,
257 1291 314 1324 cnm
326 1273 404 1340 vulgo
419 1273 570 1324 discentem
584 1271 724 1338 legeretur.
750 1273 903 1323 distentam
915 1274 992 1322 Voss.
1008 1289 1049 1339 pr.
1068 1269 1119 1338 (sic
1138 1270 1277 1321 etiamsed.

168 1343 276 1404 Dresd.;
301 1351 328 1392 et
349 1342 410 1392 hino
425 1353 484 1393 orta
498 1341 591 1392 vitiosa
607 1341 685 1392 lectio
703 1342 860 1393 disceptent.
883 1342 954 1408 Wr.)
988 1341 1155 1391 distendent
1171 1339 1214 1390 Ed.
1227 1340 1277 1388 ves

167 1415 203 1470 88
219 1412 389 1463 dicentVen.
460 1407 495 1466 84
510 1429 566 1462 non
583 1429 642 1462 snm
656 1411 787 1462 credulus
801 1429 865 1461 uuus
878 1411 981 1462 Moreti.
1052 1411 1088 1464 ³5
1109 1411 1140 1460 V
1138 1413 1199 1461 ario
1211 1406 1277 1458 mani·

168 1485 234 1534 leste
246 1480 313 1548 legit
327 1483 399 1531 Serv.
417 1490 445 1531 et
459 1479 546 1532 Schol.
559 1483 652 1531 Horat.
665 1479 758 1548 Cruqu.
778 1481 812 1530 ad
824 1480 872 1531 od.
884 1483 904 1544 1,
923 1483 956 1543 6,
977 1478 1022 1548 qui
1035 1479 1177 1546 Thyestae
1191 1489 1278 1544 tragoe-

168 1552 228 1602 diae
242 1561 388 1612 auctorem,
407 1550 568 1618 eundemque
580 1549 695 1604 nobilem
711 1549 812 1616 epicum
828 1559 949 1631 poetam,
966 1547 1109 1616 intelligit;
1129 1549 1180 1599 sed
1193 1549 1216 1598 in
1227 1546 1278 1596 scri-

168 1621 222 1690 ptis
237 1627 387 1671 constanter
403 1621 485 1672 Varo.
521 1621 551 1669 ln
569 1619 629 1670 edd.
648 1622 675 1670 V
673 1621 733 1670 ario
750 1629 895 1687 repositum
911 1629 950 1670 est
964 1618 998 1668 ab
1015 1617 1130 1685 Egnatio
1151 1629 1178 1668 et
1193 1619 1278 1684 Nauge-

168 1690 224 1742 rio:
248 1687 319 1757 quod
334 1687 428 1738 iterum
444 1687 560 1739 deseruit
574 1689 678 1740 Paullus
698 1688 827 1739 Manutius
850 1705 906 1740 cum
928 1688 988 1738 edd.
1009 1704 1083 1756 sequ.
1119 1689 1197 1750 Quae
1212 1685 1279 1736 ambi-

168 1759 253 1828 guitas
269 1756 297 1808 in
313 1755 353 1807 his
367 1757 513 1808 nominibus
527 1757 575 1820 sit,
594 1769 656 1810 nota
672 1775 713 1808 res
734 1767 785 1809 est:
804 1773 828 1808 v.
842 1759 902 1808 lixo.
916 1757 949 1808 ad
964 1755 1017 1807 Ecl.
1035 1758 1081 1808 vl.
1116 1759 1217 1808 Varum
1227 1757 1279 1806 iuter

168 1829 238 1880 viros
253 1825 385 1896 principes
401 1835 428 1877 et
444 1825 538 1878 militia
552 1827 636 1880 claros
651 1826 723 1878 istius
738 1827 832 1879 aetatis
844 1827 940 1888 luisse,
959 1825 1023 1878 satis
1039 1837 1162 1888 constan
1185 1843 1216 1877 an
1227 1825 1279 1876 idm

168 1907 249 1966 poeta
262 1894 354 1958 luerit,
369 1913 421 1946 non
434 1895 486 1946 nisi
504 1913 535 1947 ex
550 1897 675 1948 hocloco
691 1907 797 1948 statuas.
821 1898 859 1948 De
872 1907 952 1964 poeta
966 1895 1034 1946 enim
1049 1895 1218 1962 cogitandum
1229 1911 1279 1945 esse.

168 1967 246 2020 docet
260 1965 414 2016 memoratio
431 1965 536 2016 Cinnae.
573 1969 677 2035 ltaque,
697 1984 753 2017 cum
771 1975 899 2036 perpetua
914 1966 948 2016 sit
967 1965 1061 2016 horum
1082 1965 1215 2016 nominum
1230 1981 1279 2014 oon-

167 2035 249 2098 lusio,
268 2051 376 2102 cumque
395 2045 497 2085 veteres
515 2035 684 2086 Grammatici
701 2038 814 2087 Varium
828 2035 871 2086 bic
885 2035 911 2085 in
925 2034 999 2085 libris
1017 2034 1147 2101 legerint,
1166 2047 1224 2104 post
1237 2036 1280 2084 Υσ-

168 2123 229 2156 turn
241 2121 265 2154 v.
278 2103 328 2166 26,
354 2103 427 2154 illum
439 2104 549 2155 alterum
565 2107 591 2156 V
591 2107 696 2166 mium,
713 2104 841 2156 inlocum
857 2103 1129 2155 suumretrahendum
1146 2123 1202 2156 esse
1215 2101 1279 2154 mani·

168 2173 263 2224 festum
277 2171 314 2222 fic
350 2173 439 2240 (Varo
455 2174 535 2225 etiam
547 2173 658 2224 Potterii
675 2174 751 2224 codd.
765 2191 863 2226 omnes.
886 2173 1061 2243 Explicandus
1076 2173 1197 2224 codicum
1208 2175 1231 2223 in
1243 2173 1279 2221 boc

168 2241 233 2294 vitio
250 2257 388 2293 consensus
403 2260 434 2292 ex
447 2259 495 2306 eo,
514 2243 586 2311 quod
598 2242 639 2294 bis
656 2253 731 2294 antee
743 2253 957 2294 commemoratus
970 2243 1058 2292 luerat
1068 2245 1191 2294 Varus.
1223 2239 1280 2290 l'ari

167 2328 263 2364 nomen
281 2310 360 2362 etiem
376 2309 486 2380 Apuleio
507 2313 541 2363 de
557 2313 681 2380 Osthogr.
699 2312 812 2364 restituit
831 2316 926 2364 Osann.
947 2329 1008 2381 pag.
1022 2313 1067 2366 67.
1096 2313 1170 2380 We.)
1206 2314 1279 2381 tigne

169 2386 277 2454 Cygno,
297 2385 373 2450 (ὅσια
385 2381 414 2432 in
427 2380 502 2434 libris
517 2381 659 2435 nonnullis.
690 2399 778 2453 neque
792 2382 882 2434 dicere
894 2382 987 2433 Moret.

169 2537 288 2598 dederit
326 2538 397 2596 Mel
410 2559 550 2596 ansonem
565 2540 596 2598 in
612 2537 711 2598 eain-
752 2535 882 2598 Martial.
901 2539 946 2614 X,
970 2541 1023 2602 21.
1069 2535 1153 2620 (Vid
1178 2536 1279 2597 amnne

168 2625 233 2684 aula
246 2623 427 2698 confectum,
439 2623 512 2702 satis
521 2634 629 2683 notum
641 2633 712 2704 post
752 2623 838 2682 binas
853 2622 1017 2684 Weiclserti
1033 2624 1240 2684 Commentau
1253 2619 1280 2678 de

167 2717 217 2769 tot
237 2709 274 2768 de
294 2709 415 2768 Corsica
440 2710 578 2768 virorum
602 2709 711 2769 docto-
753 2711 785 2770 C.
793 2709 901 2769 Helvio
912 2711 1015 2768 OEnna.
1039 2711 1189 2770 Grimmae
1205 2709 1279 2771 1822.

133 2808 140 2820 ·“
167 2815 237 2854 rum
251 2795 524 2854 commentationes.
561 2799 711 2860 ets—36.
753 2816 796 2873 sq.
818 2795 890 2855 edit
934 2794 1021 2854 Adde
1040 2796 1154 2856 Osann.
1171 2791 1302 2855 inve

168 2881 217 2940 Ex
235 2879 386 2940 Theocrit.
400 2879 472 2957 Vll,
497 2879 645 2945 87-41.
668 2883 710 2945 92
752 2880 833 2940 laud.
856 2902 885 2961 p.
906 2884 957 2946 68.
976 2901 1019 2959 sq.
1053 2880 1137 2963 Wr.)
1177 2881 1302 2940 uuam:

169 2985 232 3044 sqq.
276 2966 318 3023 De
338 2984 368 3024 v.
386 2963 428 3028 84
451 2965 543 3025 docta
560 2976 606 3026 est
626 2965 711 3026 Mac-
753 2985 861 3046 parum
874 2967 981 3026 validis
992 2966 1161 3026 rationibus
1172 2965 1302 3024 adcon

168 3049 310 3130 phersoni
332 3049 498 3130 disputatio
523 3052 556 3111 in
589 3051 713 3110 018ὼαί
753 3051 866 3110 nelium
888 3053 1013 3111 Cinnam
1041 3073 1180 3132 magnum
1203 3051 1302 3109 Porn-¹

168 3137 255 3194 Diae.
278 3155 308 3213 p.
323 3135 402 3210 205,
425 3156 484 3214 qua
501 3137 617 3196 efficere
634 3137 712 3212 vult,
753 3137 814 3217 peii
827 3157 864 3195 ex
877 3135 939 3196 filia
952 3147 1092 3216 nepotem
1103 3139 1202 3197 refert.
1216 3135 1279 3194 Pot-

168 3219 350 3279 vocabulum
390 3222 479 3280 Vatis
510 3222 665 3302 Virgilium
694 3241 712 3280 a
754 3232 800 3282 tas
813 3221 938 3282 esscbic
953 3222 1170 3304 intelligendos,
1188 3239 1280 3281 verse

170 3305 262 3364 Gallis
290 3304 351 3363 suis
387 3305 542 3386 cisalpinis
578 3308 712 3387 petiisse;
754 3327 880 3386 sequena
893 3309 1006 3386 arguit:
1023 3311 1207 3368 inaratam.
1238 3307 1277 3366 st

169 3391 228 3451 snt
241 3389 318 3450 enim
330 3390 410 3449 inter
424 3392 521 3452 Celtas
535 3393 647 3454 Vatum
660 3413 713 3452 seu
753 3395 897 3454 Almrem
919 3394 1048 3472 aliquem
1070 3397 1130 3454 eius
1152 3389 1279 3471 temporis

170 3477 330 3550 Eubatnm‚
349 3476 514 3556 Euhagtm,
535 3479 620 3554 ordo,
635 3481 712 3538 Bar-
752 3489 888 3561 poetam,
912 3479 949 3538 de
969 3499 1031 3558 quo
1048 3481 1136 3540 Ouid.
1153 3479 1236 3538 Trist
1248 3473 1277 3537 ll.

171 3563 226 3623 dos
249 3563 339 3620 etiam
361 3561 505 3640 dignitate
525 3565 712 3625 antecellens.
754 3565 826 3630 435.
856 3565 993 3646 Propert.
1004 3565 1040 3640 ll,
1057 3564 1106 3640 84,
1120 3563 1168 3628 84.
1188 3561 1301 3635 ll,2.i‚¹

171 3647 249 3708 conl.
265 3647 375 3707 Strabo
389 3647 440 3722 IV,
458 3669 523 3728 pag.
535 3655 606 3716 302.
637 3649 712 3710 Am·
755 3654 811 3726 88,
840 3660 871 3710 et
889 3651 928 3710 ad
948 3671 1038 3730 quem
1056 3651 1112 3710 cic.
1126 3649 1195 3710 Phil
1208 3644 1301 3716 Xfllsf

170 3735 260 3793 mian.
274 3732 332 3792 XV
346 3733 367 3792 f.
403 3735 561 3795 Enimvero
581 3736 713 3796 coaddit
754 3737 775 3802 5
793 3737 941 3816 respicere
961 3747 1104 3817 putatur,
1126 3733 1177 3794 *bic
1196 3731 1276 3790 tacite

171 3818 268 3878 omnis
287 3817 362 3876 baec
378 3819 541 3894 subtilitas,
563 3822 589 3880 si
607 3823 714 3882 memi-
754 3821 904 3898 vellicari,
942 3823 1032 3883 docet
1057 3822 1177 3883 Serrium
1226 3814 1277 3874 Sed

171 3904 260 3978 nens,
275 3903 429 3983 Virgilium
443 3905 536 3964 latine
548 3907 713 3966 reddidisse
755 3927 890 3968 anserem
903 3927 942 3966 ex
955 3912 1091 3988 opposito
1106 3908 1212 3990 olorum
1227 3921 1274 3960 υί-

173 3985 357 4064 Theocritea,
372 3990 525 4068 inquibus
540 3984 645 4066 doado'c
660 4001 712 4068 est,
754 4003 821 4052 tum
844 4013 905 4052 esse
919 4004 949 4053 et
963 3997 1136 4074 expressisse
1152 3999 1275 4050 noenum

172 4071 393 4133 necdiversum
404 4085 711 4158 esseratemepoeta.
755 4077 949 4154 Theocritea,
979 4079 1128 4159 probabile
1146 4077 1175 4136 fit
1192 4069 1271 4149 ldyll

162 4234 167 4242 ,
217 4156 267 4219 85.
306 4161 340 4218 V
336 4163 419 4218 arius
437 4161 544 4222 nobilis
568 4162 712 4242 Thyestae
755 4163 816 4238 Vll,
833 4163 883 4228 47.
928 4162 1006 4245 (Etsi
1019 4163 1173 4245 respexerit
1183 4155 1271 4233 Virgi-

174 4249 288 4300 auctor.
309 4243 370 4302 vid.
384 4245 423 4306 ad
435 4247 545 4306 Donati
558 4247 617 4308 vir.
631 4249 710 4327 Virg.
753 4249 811 4308 lius
825 4249 1035 4326 Theocritum,
1050 4245 1205 4309 nmenboc
1217 4259 1271 4298 ¹1⁰ss

167 4323 207 4406 5
221 4325 271 4390 53.
305 4327 400 4389 (lium
415 4333 573 4411 Smyrnam
584 4334 712 4412 scripse-
752 4333 893 4414 impedit,
930 4336 1089 4414 quominus
1116 4327 1271 4392 innomim

173 4415 237 4485 rat,
259 4429 393 4489 carmen,
416 4417 498 4494 quod
510 4417 612 4477 decem
626 4419 711 4478 annis
752 4419 874 4496 luserit,
895 4419 1044 4480 Ciceronis
1056 4415 1183 4496 exemplo,
1200 4408 1271 4467 Phl-

172 4497 359 4572 elimaverat,
381 4519 411 4558 v.
429 4501 535 4562 Catrrll.
553 4507 604 4568 89.
634 4504 711 4564 conl.
752 4505 825 4586 lipp.
839 4505 921 4581 Xlll,
942 4507 989 4573 5.:
1012 4495 1270 4582 „uoluente
