2654 5000
195 409 247 482 92
422 399 462 473 P.
490 395 757 472 VIRGlLll
791 393 1072 472 MARONIS

193 589 295 682 Nec,
320 579 595 661 eimuneribus
611 591 753 677 certes,
782 577 973 654 concedat
991 567 1118 658 Iollas.

193 693 294 782 Heu,
311 685 405 783 heu,
427 683 642 785 quidvolui
653 684 799 758 misero
813 679 928 760 mihil
953 679 1295 758 floribusaustrum

191 789 391 885 Perditua,
415 801 458 863 et
470 785 627 888 liqnidis
640 787 771 861 inmisi
782 782 960 862 fontibus
974 811 1099 887 apros.

226 965 262 1022 57
278 961 457 1024 certetidem,
475 967 503 1013 et
514 959 658 1026 concedat,
675 959 745 1030 quod
758 955 964 1028 praestantiores
976 957 1078 1015 lleinaii
1088 965 1213 1020 urentar3
1230 957 1298 1026 idque
1322 989 1323 998 1

193 1035 292 1086 editum
303 1029 365 1084 inde
379 1031 414 1084 ab
423 1030 501 1084 atdrt
524 1035 559 1082 At
572 1029 670 1084 Pien'm
686 1029 783 1082 editum
795 1029 885 1080 laudat
898 1029 1033 1092 concedet,
1046 1029 1136 1096 sicque
1150 1025 1298 1078 multicodd.

192 1103 371 1170 conceditur.
391 1102 486 1152 llloret.
521 1099 680 1169 (Legendam
699 1099 841 1160 concedent
869 1115 930 1150 nam
951 1098 976 1148 ai
999 1097 1140 1218 lefferimna
1171 1097 1300 1156 concedet,

193 1191 282 1225 aenam
297 1180 381 1224 erret:
397 1169 420 1220 ai
434 1169 504 1220 lortc
517 1179 618 1232 oertea,
635 1169 705 1218 l'nrte
726 1185 779 1220 non
793 1165 933 1230 concedat,
951 1167 968 1218 i.
984 1186 1006 1220 e.
1039 1167 1077 1218 eri
1091 1163 1195 1234 pouit,
1213 1175 1299 1216 utnon

193 1242 328 1294 concedat.
361 1239 413 1292 sed
426 1239 477 1294 hoc
491 1249 589 1292 certum
605 1246 661 1302 eat,
680 1245 829 1306 certmque
841 1253 899 1286 erre
918 1236 976 1303 ipae
996 1238 1085 1288 aentit.
1102 1237 1154 1304 Spa
1171 1261 1205 1274 ·-
1225 1235 1257 1286 ei.
1273 1237 1299 1296 Q.

193 1313 226 1366 V.
240 1313 285 1375 Vl,
302 1311 328 1365 3.
341 1309 392 1361 Sed
405 1308 474 1389 legit
486 1305 645 1376 (trichnium,
668 1323 747 1373 aaepe
766 1323 813 1369 ea,
835 1301 1066 1374 quoe,certiarima
1085 1319 1145 1355 erae
1165 1303 1300 1371 aigniieare

192 1379 325 1444 volumno,
342 1395 400 1430 cunr
414 1378 500 1447 aliqua
518 1376 681 1428 dubitatione
704 1374 826 1444 proferri.
861 1375 929 1426 Tum
949 1373 1126 1427 coninncdrnr
1147 1373 1183 1424 ab
1204 1373 1300 1442 optiarir

192 1448 267 1504 utria
281 1446 443 1512 defenditurr
459 1463 611 1566 quamaknam
622 1446 723 1507 fateor,
745 1443 850 1496 modum
869 1445 1018 1514 praegreari
1033 1443 1109 1496 verbi
1126 1457 1182 1494 non
1202 1460 1262 1494 raro
1274 1441 1300 1492 ad

193 1519 342 1571 mutandum
362 1515 474 1584 proximi
496 1533 542 1566 ver
561 1513 691 1566 inrodum
710 1512 831 1564 valuisse.
874 1517 909 1564 At
923 1513 991 1564 unde
1004 1523 1106 1566 tantm
1117 1511 1242 1562 codicum
1253 1511 1300 1562 db·

193 1587 288 1640 eddium
305 1587 332 1640 h.
347 1585 365 1636 l.
377 1595 462 1638 ortum
474 1583 641 1652 putabimur?
667 1582 800 1650 originem
812 1581 900 1635 mendi
914 1581 1014 1636 indicat
1028 1601 1068 1652 pr.
1087 1585 1174 1645 Mon,
1191 1581 1301 1650 egregins

192 1657 275 1720 liber,
291 1651 457 1717 indicativum
471 1654 594 1705 concedit
614 1651 747 1704 exhibens.
780 1649 917 1705 Praeclare
941 1661 1028 1704 autem
1043 1657 1116 1706 serv.
1133 1650 1232 1702 Drerd.
1257 1651 1302 1702 nee

193 1729 219 1778 si
237 1720 393 1776 mineribus
412 1731 542 1786 certer,
570 1721 737 1772 concedit
760 1719 857 1772 Iollas.
899 1721 1002 1789 Optima
1019 1735 1123 1782 cenam
1144 1739 1206 1772 num
1225 1722 1301 1772 iacere

192 1795 243 1846 inm
257 1791 412 1845 instituerat.
446 1789 583 1842 Indicativi
615 1807 675 1842 uum
689 1787 827 1842 offenrioui
840 1799 943 1854 errent,
959 1791 1031 1843 varie
1044 1803 1184 1862 corruptus
1197 1801 1242 1842 eat
1252 1807 1301 1840 rer-

192 1881 235 1916 aua
251 1883 267 1914 a
277 1861 399 1913 librariis.
427 1861 480 1911 Sed
492 1877 525 1911 ne
536 1877 567 1911 cu
587 1859 596 1909 i
616 1859 655 1910 'ua
670 1877 725 1912 rem
743 1858 828 1926 egicae
841 1859 941 1924 ridear,
956 1859 1082 1912 intactam
1095 1859 1193 1932 reliqui
1207 1859 1302 1912 interim

192 1933 332 1984 lectionem
345 1931 378 1982 ab
391 1929 494 2000 Heyaio
505 1879 655 1982 exitium
679 1931 821 1982 Praeterea
834 1941 918 1980 oereet
931 1929 1010 1981 etiam
1019 1929 1092 1998 Lipe.
1109 1931 1155 1984 alt.
1170 1929 1224 1982 aed
1237 1947 1302 1995 repra

192 2001 290 2070 scripta
304 2017 325 2052 e.
342 1999 412 2066 Wr.)
443 1997 563 2050 Iollaein
577 1997 804 2086 pleriagneequod
816 1995 924 2049 metrica
937 2000 1005 2052 nuo
1016 1999 1136 2070 requirit.
1163 1999 1302 2052 lollnllot-

191 2071 263 2122 tend.
277 2087 338 2131 ren,
352 2078 381 2120 ut
397 2067 451 2120 licl.
472 2067 568 2132 ut79.
602 2070 649 2119 Est
664 2063 738 2136 lita.
752 2061 863 2130 'Io'luon
881 2061 980 2134 Ἰόλας.
1015 2069 1114 2138 (Iollas
1138 2072 1218 2122 llum.
1234 2078 1259 2118 et
1273 2067 1301 2116 sic

111 2177 115 2184 .
193 2139 221 2191 in
238 2140 330 2190 eodem
347 2137 406 2190 cod.
416 2137 478 2188 alibi
495 2146 627 2188 exaratum
645 2138 727 2188 radent
741 2136 768 2187 h.
782 2135 800 2187 l.
813 2137 960 2200 Bottnriuar
978 2155 1063 2207 neque
1082 2139 1163 2190 aliter
1182 2143 1248 2189 Aen.
1265 2138 1303 2193 xl,

192 2206 254 2264 640.
271 2208 298 2258 in
311 2204 445 2264 Mediceo;
468 2205 506 2258 aic
523 2205 602 2261 etiarn
615 2209 687 2258 Sera.
699 2207 792 2258 Dread.
805 2215 963 2258 constanter.
997 2207 1141 2259 brunckini
1165 2225 1227 2258 cnm
1248 2208 1303 2256 linr-

192 2295 287 2329 manno
303 2276 345 2328 ub'
366 2293 397 2326 ue
410 2275 486 2328 Iulos
501 2274 612 2343 simplici
629 2275 642 2326 l
658 2275 755 2337 edidit;
778 2273 827 2328 aed
839 2275 936 2330 retinui
955 2277 1132 2346 lieyniauam,
1158 2275 1243 2330 etiam
1265 2293 1304 2342 pc

192 2347 305 2414 optimoa
319 2365 333 2398 c
370 2345 627 2408 neomeniam,
644 2346 773 2396 rationem
787 2356 818 2424 ut
831 2346 860 2396 in
874 2349 976 2398 Graeco
989 2345 1133 2411 vocabolo,
1151 2346 1183 2397 in
1202 2363 1267 2416 quo,
1282 2355 1304 2393 m

191 2417 379 2484 produceretur
390 2414 475 2465 brevia
488 2413 598 2483 ayllaba,
612 2431 685 2464 more
697 2425 822 2468 comaclo
836 2413 1013 2482 geminabatur
1025 2416 1043 2466 I.
1063 2420 1134 2476 W.)
1183 2417 1220 2470 58
1239 2417 1304 2465 Heu!

190 2485 263 2538 deu!
279 2487 353 2537 llom.
365 2495 392 2538 et
405 2483 449 2539 alii
463 2481 632 2538 vetustiores:
650 2484 687 2534 ita
707 2501 738 2536 ue
750 2483 852 2554 recepit
863 2487 963 2548 Bmm.;
981 2485 1058 2556 vulgo
1072 2485 1163 2536 editur
1179 2495 1210 2536 et
1221 2483 1304 2535 scribi-

191 2563 234 2606 tur
246 2555 337 2616 ulau,
356 2563 425 2605 utet
440 2553 510 2622 apud
522 2553 596 2606 aliua.
614 2571 638 2604 v.
652 2553 680 2604 h.
689 2501 713 2604 l
728 2555 829 2606 Muaon.
846 2563 875 2604 et
890 2555 976 2606 linum.
1011 2553 1087 2624 (Mira
1103 2565 1146 2605 eat
1164 2555 1252 2607 Senti
1264 2571 1299 2603 an-

190 2623 291 2676 nototio
306 2623 340 2674 ad
351 2628 414 2675 Aen,
427 2623 458 2688 11,
470 2623 528 2678 ΘΑ
554 2623 650 2686 „HEU
668 2621 747 2674 modo
761 2637 811 2674 uua
832 2633 874 2677 eat
891 2623 1008 2706 ayllaba:
1025 2625 1073 2674 red
1090 2624 1230 2676 interdum
1250 2639 1305 2692 pro·

190 2703 252 2762 pter
265 2701 374 2744 metrum
388 2691 454 2746 duae
468 2691 545 2756 fiunt,
563 2701 593 2744 at
602 2692 656 2744 luet
670 2693 713 2754 lll,
727 2696 803 2746 100.“
822 2695 891 2743 Num
903 2693 984 2761 agitur
1001 2693 1080 2744 etiam
1092 2693 1184 2755 lie-a,
1207 2703 1306 2760 utraque

190 2763 291 2832 ayllaba
305 2761 448 2830 producta,
465 2761 664 2828 pronunciatun
678 2760 775 2830 putari
792 2759 897 2814 Felellit
911 2763 1027 2815 Serrium
1040 2763 1110 2814 haud
1125 2763 1228 2824 dubie,
1246 2761 1305 2832 qood

190 2831 318 2887 eiuamodi
331 2831 407 2896 locis,
420 2831 464 2882 ubi
480 2849 546 2882 nuuc
557 2829 654 2898 duplex
667 2829 821 2894 edituum,
837 2831 1023 2886 unumvideret
1037 2841 1185 2895 exoratum,
1205 2831 1233 2882 id
1245 2831 1307 2900 quod

190 2901 296 2970 egregie
310 2899 395 2952 firmat
406 2903 478 2952 serr.
492 2899 598 2962 Dreed„
617 2899 661 2970 qni
676 2899 767 2962 etthi,
784 2903 848 2951 Aen.
862 2903 894 2964 11,
906 2903 959 2962 69„
978 2911 1005 2951 et
1020 2899 1072 2952 boe
1085 2901 1145 2968 ipro
1162 2901 1244 2963 loco,
1262 2899 1306 2950 Ecl.

189 2973 223 3034 ll,
235 2973 288 3034 58„
302 2967 412 3038 simplex
422 2970 475 3022 bea
490 2969 605 3022 exhibet.
640 2971 692 3019 Sed
706 2969 843 3020 admodum
858 2981 898 3022 eat
914 2969 1068 3038 probabile,
1085 2970 1216 3022 librarios
1231 2971 1306 3020 inter-

189 3040 269 3102 durn,
288 3039 332 3090 ubi
347 3039 502 3106 geminatum
517 3039 569 3092 lieu
581 3037 742 3100 invenirent,
767 3038 877 3090 altarum
899 3039 1031 3102 omiaiase,
1057 3049 1086 3095 ut
1108 3039 1184 3091 haud
1207 3057 1266 3091 raro
1285 3041 1307 3088 in

189 3107 269 3158 aimili
279 3125 356 3161 crura
368 3107 472 3158 laetum.
488 3108 526 3158 ct
540 3111 603 3158 Aen.
619 3109 655 3169 X,
666 3109 728 3164 705.
746 3107 806 3158 vid
820 3107 900 3160 etiarn
907 3111 990 3159 burm.
1004 3107 1038 3159 ad
1049 3107 1105 3160 Ecl.
1117 3111 1165 3172 ΙΙΙ,
1188 3114 1256 3167 lm..
1270 3109 1307 3160 abi

189 3193 277 3226 rorroa
289 3175 359 3228 idem
372 3175 431 3229 cod.
444 3177 518 3228 llum.
535 3177 646 3244 praebet
662 3179 724 3226 Heu
742 3177 803 3228 beu.
825 3177 941 3230 Huscbk.
959 3177 1076 3228 Iaualect.
1092 3177 1127 3228 ad
1147 3180 1217 3232 Tib.
1232 3179 1306 3230 farm

189 3261 249 3326 pug·
263 3246 324 3299 711.
346 3242 415 3324 Wnl
484 3247 517 3300 ⁵9
535 3245 773 3297 invne'aitParrlraa.
806 3248 938 3298 Perditoa
954 3248 1028 3298 nom.
1044 3265 1076 3303 ex
1091 3247 1207 3316 antiquo
1222 3269 1274 3302 usa.
1288 3267 1306 3296 r.

189 3315 267 3394 l'rer.¹
292 3313 423 3394 Proditor
434 3324 518 3382 quart.
536 3315 631 3364 Mor-et.
666 3315 787 3368 Perditis
801 3315 895 3367 ‘Lutat
918 3315 952 3368 ad
973 3319 1052 3378 Stant
1078 3325 1106 3367 at
1127 3319 1200 3371 satia
1216 3331 1307 3376 notun.

185 3383 313 3456 perditor
321 3399 370 3452 pro
383 3396 476 3446 muer,
486 3392 539 3454 nt,
552 3401 649 3438 amore.

188 3545 251 3604 aqq.
269 3521 351 3606 Wr.)
395 3525 488 3598 lone,
500 3521 639 3586 dominus
652 3523 726 3606 (Cc-
768 3534 1083 3603 quum,utmunerum
1096 3527 1253 3590 rationem
1259 3529 1308 3588 ln-

187 3610 311 3691 rydonia
329 3607 371 3693 et)
384 3610 470 3688 pueri
489 3607 726 3685 huim'deliceti.
766 3611 850 3684 bena,
865 3619 896 3668 te
910 3609 1032 3688 horter;
1053 3611 1148 3672 huben
1162 3619 1248 3676 enim
1261 3616 1309 3673 lre-

188 3697 330 3757 Fluctuat
342 3703 441 3756 autem
455 3695 487 3754 in
506 3715 569 3774 sqq.
586 3705 616 3754 et
629 3697 725 3756 iacta-
765 3715 835 3780 nnn
847 3705 952 3772 tuum,
969 3707 1151 3775 amatorem,
1168 3704 1226 3782 qui
1236 3703 1308 3760 mul-

188 3793 242 3842 tur
262 3783 354 3842 variis
386 3782 466 3842 curis
488 3782 603 3841 animur
624 3781 725 3840 miseri
766 3791 799 3842 to
813 3781 973 3842 maioribur
989 3791 1019 3842 te
1031 3802 1232 3866 corrumpere
1245 3809 1309 3867 poa-

188 3868 315 3933 amantia
333 3867 370 3931 ab
397 3867 455 3931 alio
474 3862 513 3925 ad
531 3865 613 3928 aliud
637 3868 725 3928 ebre-
766 3867 813 3926 ait.
842 3864 1058 3950 (Anrnlecterer
1072 3871 1188 3950 lleynii
1203 3873 1310 3932 homin

188 3965 318 4034 ptua.-
341 3949 404 4034 (57.
416 3953 563 4028 Concedd,
578 3953 596 4011 i.
606 3971 630 4011 e.
645 3951 725 4014 cedit
765 3973 907 4012 versuum
924 3955 1164 4034 explicationem,
1173 3959 1234 4018 nisi
1242 3957 1310 4017 hacc

189 4041 337 4100 donorum
351 4037 553 4118 amplitudine.
579 4041 631 4098 W
626 4036 661 4116 r.)
765 4039 1005 4118 lnaeceeeiaaent:
1019 4063 1072 4099 nec
1086 4061 1217 4102 munem
1232 4055 1309 4104 cunr!

230 4123 281 4186 68.
303 4124 353 4188 59.
374 4123 420 4183 lta
438 4124 584 4202 intelligo:
605 4143 652 4182 me
666 4124 724 4183 mi-
765 4126 879 4184 Alexir.
906 4125 937 4184 si
950 4124 1051 4186 Alexio
1066 4147 1129 4186 non
1138 4139 1233 4206 curat
1247 4149 1310 4188 mu·

187 4209 300 4266 aemam!
309 4208 361 4286 qui
373 4227 531 4270 munerum
544 4209 723 4272 mentionem
765 4230 846 4284 nera,
857 4277 858 4282 η
869 4229 930 4269 non
944 4221 999 4287 eat,
1021 4213 1105 4289 quod
1115 4215 1310 4294 Corydonem

187 4291 265 4366 soci,
301 4293 408 4370 quibus
431 4304 462 4354 te
491 4313 661 4374 expugnare
693 4305 723 4354 et
764 4296 925 4374 poeniteat,
933 4297 1117 4357 mentionem
1127 4301 1235 4360 iecisse
1245 4319 1308 4360 mu-

187 4375 259 4436 milri
285 4378 441 4438 conoilirre
473 4380 602 4454 vellen1;
633 4401 721 4458 quem
764 4400 878 4441 nemim.
901 4383 978 4442 Tuna
991 4401 1029 4441 ne
1042 4385 1167 4448 arriserat
1180 4387 1310 4464 quidem,

186 4481 269 4522 meae
283 4481 402 4523 musaea
414 4465 563 4545 meleipce
578 4465 720 4541 consului,
764 4466 817 4526 aed
837 4469 1020 4548 cogitarunt
1040 4477 1162 4532 tuntum
1177 4471 1220 4531 de
1243 4473 1310 4530 mit·
