2654 5000
178 377 267 486 ‘nn
302 411 577 489 cannrua
609 415 915 494 nuconron
1058 423 1108 497 49

11 595 79 670 lise
95 595 261 694 videtur,
275 597 345 673 ubi
361 595 509 675 deinde
523 623 597 700 per
611 614 767 701 septem
782 601 1108 703 annos‘Georgica

8 701 150 798 scripsit
200 705 341 778 Donat.
356 702 392 801 §.
407 707 468 782 40.
493 706 634 801 Georg.
658 707 723 783 IV.
748 719 839 785 extr.
893 707 974 782 Sed
998 721 1109 784 ante-

6 827 109 901 quam
133 801 224 880 illuc
258 804 401 900 abiret,
435 805 524 888 sine
543 805 666 882 dubio
692 808 856 885 ineunte
885 834 997 906 vere,
1032 815 1110 886 Fe-

4 905 147 981 bmario
164 920 350 1003 exeunte,
378 920 444 984 aut
460 908 624 985 ineunte
639 913 801 1006 Martio,
828 909 1109 992 secitEctvlt

1 1013 92 1085 ttam
117 1033 245 1108 quum
276 1009 501 1088 Meliboeus
536 1014 706 1088 carmina
727 1013 875 1090 reserat
905 1028 1110 1114 pastorum

2 1113 42 1184 ad
58 1113 292 1187 Mincium
319 1138 372 1192 vs.
394 1122 464 1212 13,
491 1129 802 1192 cousentaneum
823 1130 905 1214 est,
936 1131 1110 1217 poetam,

5 1241 112 1313 quum
136 1214 218 1290 hoc
234 1239 395 1292 carmen
417 1217 631 1318 pangebat,
659 1219 788 1296 adhuc
806 1231 1006 1298 versatum
1026 1245 1110 1298 esse

5 1319 35 1390 in
53 1317 170 1394 Gallia
192 1319 395 1420 Cisalpina
536 1331 545 1352 '
800 1335 809 1353 “

443 1523 559 1623 (Ecl.
592 1529 662 1624 X.)

380 1663 712 1741 MAffiUQ

84 1833 173 1908 Iam
197 1830 313 1928 igitur
329 1833 495 1934 Neapoli
510 1831 704 1931 Virgilius.
753 1833 941 1910 Invitatus
962 1857 983 1908 a
1004 1835 1113 1910 Mae·

17 1947 124 2008 enate
149 1932 203 2010 ad
228 1937 419 2033 Georgica
445 1961 488 2014 se
510 1935 692 2035 contulit,
719 1961 819 2037 quae
846 1961 904 2016 ao.
922 1944 1017 2017 723.
1045 1936 1114 2012 ab·

0 2035 110 2114 oln't

84 2143 276 2216 Extremo
294 2151 401 2217 anno
416 2150 503 2221 716.
530 2143 701 2242 Agrippa
722 2141 864 2216 missus
883 2141 928 2216 iu
950 2139 1114 2218 Galliam

0 2243 188 2318 condus
224 2247 503 2322 Romanorum
533 2245 723 2322 Rhenum
758 2257 1019 2342 transgressus
1044 2257 1113 2340 est,

1 2345 173 2448 adeoque
195 2341 362 2424 feliciter
379 2349 586 2448 pugnavit,
611 2361 657 2424 ut
673 2371 768 2422 vere
785 2349 949 2423 ineunte
972 2369 1114 2444 magna

20 2449 148 2526 ictoria
177 2447 227 2524 de
252 2451 458 2552 Aquitanis
483 2463 692 2552 reportata·
707 2453 880 2526 Romam
906 2450 1116 2524 nunciare-

1 2563 60 2630 tur.
85 2557 135 2628 ln
155 2553 241 2628 eius
258 2555 431 2630 exercitu
447 2554 619 2630 militem
633 2552 837 2654 quendam
853 2563 1018 2652 sequuta
1034 2561 1116 2626 erat

1 2655 165 2751 Lycoris,
195 2656 369 2734 Cornelii
388 2657 486 2734 Galli
510 2658 634 2734 amica
646 2655 736 2750 ,··de
753 2680 829 2756 qua
847 2677 920 2728 suo
935 2651 1038 2730 loco.

90 2971 287 3064 (Primam
299 2971 500 3071 Eclogam,
526 2959 741 3074 postquam
756 2971 798 3044 in
811 2991 939 3044 unum
955 2965 1116 3043 collecta

2 3085 80 3144 sunt
99 3072 252 3170 Virgilii
264 3073 474 3172 bucolica,
508 3099 605 3151 aero
636 3075 715 3148 iam
733 3071 947 3169 virgiliano
977 3071 1116 3148 ceteris

4 3177 249 3346 praemissam
262 3173 402 3276 fuisse,
428 3177 524 3254 inde
541 3177 699 3254 videtur
713 3199 915 3276 apparere,
942 3174 1052 3277 quod
1067 3173 1115 3250 ab

27 3293 217 3355 aetolum
243 3279 455 3358 bucolicon
477 3281 658 3358 libellum
680 3277 872 3378 significat
893 3293 1013 3379 poeta
1029 3275 1117 3354 fere

6 3383 168 3480 aequalis
184 3381 365 3482 Virgilio,
393 3384 579 3480 Ovidius,
604 3386 788 3479 Amonl,
813 3385 873 3478 15,
899 3385 977 3462 ὥς
1004 3379 1117 3478 „Ti-

6 3493 127 3576 tyrus
157 3497 199 3560 et
213 3501 367 3584 segetes
382 3489 612 3590 Aeneiaque
633 3506 739 3562 arma
752 3483 975 3584 legentur.“
1009 3485 1118 3559 Con·
1210 3519 1212 3532 =

7 3599 235 3684 natantem,
267 3591 322 3666 sic
340 3591 471 3670 solere
489 3591 537 3666 ab
555 3588 723 3664 exordiis
746 3601 852 3664 totos
868 3585 991 3661 libros
1013 3583 1117 3659 desi-

8 3693 102 3782 gnari
117 3717 138 3768 a
154 3693 295 3792 poetis.
349 3693 431 3771 Sed
453 3692 551 3796 quid
568 3692 757 3770 Ovidium
778 3691 940 3766 citamus
962 3699 1118 3783 testem,

9 3815 118 3888 quum
141 3809 315 3896 praesto·
331 3799 382 3874 sit
401 3799 486 3899 ipse
508 3795 708 3894 Virgilius,
749 3799 891 3889 Georg.
913 3793 979 3869 IV.
1008 3802 1119 3868 extr:

10 3897 218 3993 ..Tityre,
243 3913 284 3974 te
302 3900 459 4002 patulae
476 3900 601 3976 cecini
618 3901 692 3976 sub
707 3897 884 3997 tegmine
898 3890 1039 4012 sagif‘·
1068 3896 1119 3970 At

11 3997 377 4102 mrhatrcEclogam
392 4001 666 4105 primamloco
682 4025 767 4078 esse
781 3997 910 4092 vellet,
925 3995 1014 4070 satis
1028 3993 1118 4070 rdo-

12 4121 96 4176 neae
117 4099 283 4180 suemnt
303 4131 457 4184 causae:
490 4129 624 4207 neque
650 4106 758 4182 enim
786 4102 857 4178 alia
881 4123 1007 4200 aeque
1031 4111 1146 4200 apta·

12 4217 81 4276 erat
103 4205 154 4284 ad
173 4206 442 4290 exhibendam
462 4209 606 4310 inipso
633 4207 814 4284 carminis
836 4205 1011 4300 ingressu
1032 4225 1120 4300 gra-

11 4315 79 4378 tam
92 4309 194 4382 ritae
208 4313 432 4410 pastoritiae
453 4313 685 4410 imaginem,
718 4322 759 4385 et
778 4331 902 4410 quum
918 4303 1121 4382 Octaviani

11 4403 244 4488 beneficium
265 4439 342 4516 per
363 4439 454 4494 eam
475 4411 787 4516 praedicandum
811 4409 885 4486 sibi
906 4409 1120 4502 sumsisset,

56 4529 203 4604 tucn.
238 4541 342 4616 Τοη
368 4539 398 4615 Ῑ,
600 4531 603 4538 ‘
890 4533 916 4602 4
1018 4589 1023 4597 .
