2652 5032
201 391 559 476 GEORGICON
584 400 687 478 LIB.
713 403 763 500 Π,
790 409 1013 488 sss-405
1091 419 1166 494 467

30 581 173 678 Atque
188 579 229 654 in
244 603 288 656 se
302 605 370 658 sua
386 607 461 684 per
476 587 636 684 vestigia
650 589 821 668 volvitur
833 616 968 675 annus.

29 685 91 756 Ac
108 683 190 756 iarn
211 683 326 779 olim,
352 709 457 762 seras
471 691 605 789 posuit
621 717 747 794 quum
760 696 874 772 vinea
888 695 1060 798 frondis,

28 783 222 882 Frigidus
239 801 279 863 et
291 789 396 866 silvis
414 792 547 894 aquilo
565 793 735 871 decussit
750 796 971 894 honorem3

26 890 122 963 lam
157 902 244 965 tum
277 917 369 970 acer
401 920 512 972 curas
542 899 771 976 venientem
810 903 986 979 extendit
1018 905 1059 980 in
1094 930 1165 980 an-

622 1027 721 1078 num
1024 1015 1028 1022 '
1087 1014 1164 1088 405

60 1179 125 1234 402
140 1185 235 1252 Atque
248 1185 308 1256 ipss
320 1203 372 1236 sua
383 1187 462 1240 Voss.
496 1190 531 1240 In
545 1207 575 1240 se
586 1209 691 1262 perque
708 1211 760 1245 sua
773 1194 890 1265 vestigia
904 1193 995 1245 Fraus.
1014 1196 1112 1259 annes,
1135 1194 1163 1247 h.

23 1269 77 1320 per
94 1267 186 1302 annos
199 1253 334 1322 singulos,
351 1255 485 1320 volvitur,
503 1276 538 1309 so
550 1258 641 1325 labor,
665 1263 780 1315 malebat
792 1263 921 1314 lleisltios.
990 1263 1043 1317 403
1060 1269 1097 1315 Es
1109 1266 1163 1316 ium

23 1323 94 1374 olim
118 1321 200 1388 vulgo
222 1333 284 1374 anto
307 1322 397 1376 lleins.
443 1331 483 1378 As
500 1327 553 1378 alii.
580 1330 684 1398 (Medic.
709 1349 758 1400 pro
783 1334 879 1404 posuit
906 1331 1016 1400 praebet
1042 1335 1162 1404 possint,

21 1409 113 1458 supra
126 1391 227 1460 scripta
242 1411 268 1443 u.
293 1393 365 1445 ldem
372 1391 500 1464 frondes.
523 1399 593 1464 Wr.)
662 1401 715 1453 404
734 1413 765 1452 ut
779 1401 856 1452 silvia
867 1402 956 1453 Schol.
971 1401 1063 1452 Horat.
1078 1403 1162 1470 Epod.

21 1462 80 1530 xl,
113 1459 167 1512 sed
181 1461 260 1513 aliter
278 1463 380 1515 Nouius
399 1473 425 1516 et
443 1465 599 1520 Priscianus.
634 1487 650 1520 e
670 1470 749 1524 silvia
769 1470 889 1522 Parthas.
964 1467 1016 1524 405
1035 1472 1161 1523 extendet

19 1529 129 1582 Medic.

19 1669 188 1746 nueudas3
202 1679 239 1730 ut
250 1679 333 1730 recte
347 1670 450 1732 docuit
459 1674 506 1734 vir
521 1675 578 1736 do-
615 1681 808 1756 putata'onem
825 1679 932 1738 vitium
946 1678 1088 1758 exprimi,
1110 1700 1161 1738 aa·

19 1768 105 1816 ctus.
151 1755 227 1820 401.
252 1777 356 1815 nemus
388 1778 445 1838 pro
481 1761 578 1839 vinea,
620 1764 659 1822 tis
672 1773 766 1843 patet.
789 1765 902 1824 Colum.
917 1764 967 1840 lV,
978 1768 1055 1840 23,1
1080 1767 1160 1825 Pta-

17 1841 200 1902 levandum
204 1841 335 1920 fronde,
366 1843 451 1920 quasi
462 1845 578 1927 impor-
620 1859 665 1906 cet
678 1871 765 1928 ergo,
798 1855 826 1908 si
843 1853 923 1909 mitis
938 1869 976 1907 ae
995 1861 1159 1928 temperata

16 1941 104 1988 tuno
134 1946 242 2003 onere;
272 1929 459 2006 putandum3
486 1934 578 1992 etiam
618 1939 762 2012 permittit
783 1939 815 1994 in
836 1957 873 1994 ea
895 1939 1033 2012 regione,
1065 1958 1159 2016 quam

17 2016 156 2075 arbores
190 2013 389 2092 amputandae
422 2026 494 2075 sunt
523 2039 578 2098 per
619 2021 761 2095 cotenus,
785 2023 865 2079 caeli
878 2022 1051 2096 comeatu,
1063 2021 1159 2100 sacta

16 2102 162 2160 tineam.
192 2097 291 2175 lator,
326 2098 378 2178 qui
400 2113 486 2159 actus
504 2113 578 2179 erat,
620 2106 783 2180 vmdemia,
797 2107 960 2164 secuudum
974 2107 1049 2164 Idus
1065 2106 1158 2166 Octo-

14 2187 100 2246 redit
120 2189 155 2242 in
169 2183 278 2258 orbem,
295 2193 325 2243 et
338 2206 451 2262 arsuras,
475 2185 505 2248 b.
520 2210 577 2249 an·
619 2189 695 2266 bru,
728 2195 885 2268 auspicari
915 2194 1103 2269 putationem
1127 2203 1159 2254 et

14 2293 82 2332 uua
101 2289 222 2350 opera,
244 2289 362 2330 annuus
380 2270 479 2350 labor,
510 2277 578 2334 vol-
618 2275 671 2334 rel.
697 2276 758 2336 lam
773 2277 868 2342 Cerda
883 2275 975 2335 etalii
991 2297 1052 2335 uon
1067 2279 1158 2338 modo

14 2365 106 2418 vitm
128 2359 164 2414 s'n
184 2377 232 2430 se,
257 2356 388 2416 revolvit
412 2376 458 2434 se,
487 2361 575 2438 redit,
616 2362 820 2440 putationem,
842 2362 937 2420 sedet
953 2351 1158 2439 ablaq‘uesuio-

13 2467 76 2503 sua
89 2463 159 2522 per
172 2443 314 2520 vestigia,
339 2441 452 2520 eadem,
475 2465 576 2506 aasu-
616 2465 695 2520 netu,
719 2465 787 2506 curu
802 2448 923 2506 inutiles
935 2445 1086 2505 radiculae
1095 2449 1158 2508 ser-
1187 2503 1192 2512 .

14 2530 150 2612 periore
180 2547 274 2602 anno,
309 2530 443 2604 ratione,
472 2531 573 2608 modo,
615 2551 652 2590 ro
665 2531 896 2606 rescinduntur,
917 2531 1157 2610 praecipiendam

13 2627 133 2677 tenore
153 2629 368 2691 acprogressu.
412 2615 476 2673 sua
497 2639 527 2674 se
543 2621 575 2675 in
616 2615 706 2674 luisse
719 2626 844 2697 putant,
874 2616 1044 2693 eamquein
1057 2619 1156 2677 verbis

12 2702 162 2779 vestigia
187 2697 301 2756 volvere
325 2699 362 2756 de
382 2700 497 2760 mundo
513 2703 574 2762 Va·
615 2703 707 2760 vs'tem
730 2702 894 2760 adtondens
918 2710 1075 2778 quaerunt.
1119 2705 1156 2763 Et

12 2793 102 2862 n'us,
136 2793 210 2842 ante
236 2782 415 2861 Virgilium,
449 2795 480 2844 et
505 2797 575 2867 post
616 2787 814 2846 saneColutu.
830 2787 955 2862 tv,8,1
988 2788 1157 2868 Nampost
1220 2789 1228 2800 '

11 2875 109 2934 bunc
127 2869 294 2948 aliipoetae
308 2869 411 2928 dixere
418 2893 427 2947 ;
443 2891 574 2949 quorum
615 2873 691 2931 Idus
712 2871 862 2948 Octobris,
889 2875 977 2950 prius
990 2875 1155 2952 quamsn'-

10 2963 84 3021 loca
100 2955 181 3016 vide
192 2953 274 3033 apud
287 2955 423 3016 Cerdaru.
612 2977 691 3035 gom
704 2957 860 3034 ὺιναάαπι,
882 2961 952 3018 virts
967 2957 1155 3037 ablaquean»

57 3045 184 3108 408-
194 3041 266 3104 407.
282 3039 454 3102 Auctumno
466 3053 572 3104 uasto
614 3043 657 3100 da
668 3056 711 3101 est
717 3066 729 3116 ;
752 3043 806 3102 ubi
819 3043 851 3102 in
867 3063 946 3124 seqq.
958 3042 1097 3104 disertius
1107 3066 1155 3105 res

9 3131 132 3192 statim
153 3127 187 3185 in
205 3137 376 3204 sequentem
397 3147 510 3189 annum
523 3131 573 3189 vi-
614 3129 786 3208 sxponitur.
829 3129 889 3189 Sed
911 3129 987 3190 haec
1010 3139 1155 3210 optantur

8 3215 135 3278 nitoris
169 3231 244 3270 cura
276 3222 307 3272 et
335 3233 426 3294 opera
452 3215 571 3274 extendi
613 3215 731 3292 potius,
759 3223 795 3274 ut
812 3215 912 3275 verbis
931 3215 1042 3293 insint,
1064 3237 1154 3295 quarn

9 3306 127 3364 debet.
163 3317 247 3356 seras
272 3302 362 3375 ponit
389 3321 459 3358 cum
483 3305 572 3360 vitrea
612 3300 709 3358 inesse
730 3301 914 3379 probantum
944 3302 986 3360 sic
1006 3311 1036 3362 et
1058 3305 1154 3384 pasti-

23 3387 160 3458 mndea,
183 3403 251 3442 cum
264 3384 339 3442 vites
352 3383 473 3443 frondes
486 3387 571 3445 amit·
614 3387 697 3446 natio
717 3387 910 3446 memoranda
933 3388 1046 3447 luisset.
1075 3391 1153 3448 cons.

9 3485 113 3548 tunt,
138 3489 218 3548 quae
243 3467 283 3527 ad
303 3469 443 3528 seriorem
462 3482 573 3532 auctu·
615 3472 748 3551 Geopon.
764 3471 813 3548 ΙΙΙ,
830 3475 883 3548 133
905 3482 936 3531 et
949 3473 1153 3551 ablaqueatio-

6 3579 130 3623 mnum
157 3554 352 3614 duraverant.
378 3557 473 3614 salvae
493 3558 573 3636 ipsae
614 3577 683 3618 nem
716 3557 772 3616 sub
806 3559 960 3636 putatione
997 3560 1153 3638 complecti

6 3651 132 3709 vineae
154 3659 219 3699 esse
240 3639 398 3716 ridentum
426 3642 483 3700 nisi
500 3653 573 3704 sunt
613 3643 712 3722 ipsum
724 3643 917 3703 Columellam
931 3643 1018 3702 video
1034 3645 1083 3719 tv,
1100 3643 1150 3722 24,

7 3735 153 3794 ubusta
177 3726 277 3804 iugata
290 3725 411 3786 vitibus.
433 3727 573 3788 honorem
614 3729 635 3791 4
648 3747 711 3806 sqq.
739 3728 811 3792 404.
833 3728 976 3788 Varronis
987 3725 1069 3787 bunc
1081 3749 1153 3788 ver-

6 3821 46 3880 de
63 3811 240 3878 frondibus
253 3811 394 3872 arborum
402 3813 573 3892 frequenter
614 3832 754 3873 sumesse
773 3815 894 3874 Servius
907 3822 1046 3873 testatur.
1079 3815 1152 3874 lmi-

5 3915 139 3986 poetae.
195 3897 338 3956 Rursus
363 3905 409 3956 est
443 3901 570 3977 vinitor,
613 3901 729 3958 tatione
741 3899 903 3979 expressit,
925 3898 977 3958 sed
986 3898 1150 3976 infeliciter,

5 3991 63 4050 sed
91 3983 190 4046 vides
212 3991 332 4061 poetam
351 4001 467 4063 semper
487 4005 572 4046 rece·
614 3982 793 4046 Marklando
813 3983 926 4058 iudica,
948 3984 1061 4044 Statius
1073 3985 1147 4046 Silv.

6 4079 87 4136 dere
104 4091 126 4130 a
141 4067 327 4146 vulgaribus.
349 4069 458 4129 Tibull.
472 4071 494 4147 l,
511 4075 572 4148 1,7
613 4071 636 4146 Ι,
652 4075 681 4146 2,
700 4071 761 4135 154
782 4069 955 4129 excludunt
973 4069 1074 4128 radios
1094 4073 1150 4129 sil-

5 4167 87 4242 lpse
112 4175 219 4215 amm
243 4165 356 4212 senemr
368 4167 485 4214 maturo
496 4167 572 4215 tem-
613 4159 660 4214 vrb
671 4155 794 4215 decussa
809 4157 928 4214 remis
939 4153 1076 4234 Frigora:
1099 4176 1150 4215 ar-

2 4269 87 4326 pore
115 4243 197 4302 vises
218 4241 371 4300 Rrutrbus.
397 4261 479 4317 acer,
502 4243 572 4302 dili-
612 4241 701 4300 borss
714 4242 836 4302 altaeae
848 4235 956 4298 densae
970 4241 1149 4302 obumbrare

4 4352 105 4413 gem,
131 4323 234 4385 labori
252 4345 314 4384 nan
337 4345 471 4404 parcens.
499 4327 572 4386 dens
612 4327 713 4386 locum
735 4325 868 4386 declarat
891 4345 946 4406 per
965 4328 1075 4404 sn'gus
1095 4327 1149 4385 ds-

6 4415 153 4478 Sasurm'
184 4419 230 4468 est
260 4410 323 4469 salx
356 4413 571 4492 amputatoria,
613 4433 751 4486 cussum,
775 4409 911 4486 veniens,
938 4411 1051 4474 sactum
1065 4433 1082 4470 a
1095 4412 1149 4470 sil-

6 4513 132 4562 notum
157 4495 208 4554 dei
222 4495 342 4575 insigna.
386 4497 450 4556 lam
463 4517 493 4559 v.
507 4495 571 4564 407
612 4497 668 4559 vis.
724 4490 796 4564 406.
824 4496 959 4556 relictam
977 4500 1066 4558 vitem
1078 4541 1087 4572 ,
1117 4506 1149 4556 et

862 4597 942 4668 00*
