2784 4988
331 395 600 474 TERTIAE
634 397 951 474 EDITIONIS
1072 421 1203 477 mvn

95 608 181 686 quae
201 595 335 660 mente
357 584 400 660 in
419 581 502 658 aliis
523 584 692 682 negotiis
713 597 901 686 occupata
920 584 1103 664 meditati
1118 611 1203 664 era-

92 731 185 802 mus,
216 718 255 780 et
277 729 375 780 cum
396 705 464 800 iis,
499 703 550 780 ad
575 729 678 806 quae
699 705 941 805 accedimus,
969 707 1202 810 copulamus

90 827 216 924 aliena,
243 849 347 927 quae
376 821 511 900 lusum
536 827 697 930 ingenio
714 823 883 922 faciunt3
912 853 957 904 ea
974 841 1109 906 autem
1124 828 1201 906 alio

88 963 255 1050 tempore
274 971 296 1021 a
318 943 524 1020 nobismet
553 947 646 1048 ipsis
675 945 852 1023 damnari
885 950 973 1050 quis
1002 952 1202 1030 miretur?

87 1073 182 1164 Quae
203 1093 269 1144 res
296 1066 589 1165 animadversa,
623 1069 655 1144 si
674 1067 828 1146 nullam
850 1067 986 1164 aliam,
1012 1071 1199 1152 modeste

85 1189 127 1266 de
141 1189 255 1266 nobis
265 1187 469 1265 sentiendi
486 1202 525 1264 et
539 1213 664 1291 aequa
680 1189 878 1266 statuendi
895 1188 947 1266 de
963 1190 1062 1289 aliis,
1090 1217 1200 1268 caus-

83 1337 154 1388 sam
174 1311 443 1404 haberemus,
476 1309 542 1386 vel
565 1335 644 1386 una
670 1311 760 1386 satis
783 1323 886 1413 esset
912 1311 963 1387 ad
978 1312 1200 1390 retunden-

82 1433 162 1509 dam
173 1457 346 1509 omnem
362 1431 483 1508 animi
503 1434 765 1531 arrogantiam
783 1433 877 1508 etin
898 1431 994 1508 alios
1010 1432 1200 1509 acerbita-

80 1569 161 1632 tem.
214 1557 322 1632 Cum
338 1530 602 1629 excuderetur
613 1552 716 1630 liber
730 1553 830 1654 typis
849 1551 922 1628 alia
937 1555 979 1629 in
994 1553 1107 1652 urbe,
1123 1579 1199 1632 nec

80 1677 164 1752 mihi
177 1673 345 1751 facultas
361 1673 450 1750 data
466 1687 568 1750 esset
581 1671 830 1775 plagularum
845 1669 1199 1776 inspiciendarum:

78 1799 112 1872 iu
132 1795 320 1874 fortunae
342 1791 543 1871 beneficio
566 1793 718 1892 habeo,
748 1795 933 1894 obtigisse
948 1795 1069 1896 mihi,
1094 1798 1196 1874 utin
1228 1844 1232 1850 -

78 1917 340 2022 superioribus
362 1913 622 2014 editionibus,
656 1917 709 1992 ita
729 1917 769 1991 in
790 1903 865 1992 hac
890 1942 1072 2022 quoque,
1108 1943 1197 1994 cor-

77 2055 267 2118 rectorem
280 2039 412 2114 virum
429 2035 650 2112 doctum-et
671 2037 812 2113 eximie
830 2035 891 2112 his
909 2037 1048 2116 litteris
1063 2037 1196 2115 imbu-

76 2175 170 2260 tum,
192 2165 369 2238 matum
385 2163 628 2235 Christianum
649 2163 833 2254 Wendler,
858 2162 903 2238 A.
917 2163 983 2258 M,
1009 2160 1119 2236 cuius
1135 2159 1195 2237 di-

77 2281 248 2382 ligentiae
262 2294 306 2358 et
321 2277 522 2356 sollertiae
539 2277 581 2354 in
596 2277 852 2382 assequendis
867 2277 1005 2374 calami
1019 2281 1104 2358 mei
1120 2279 1193 2357 du-

76 2405 191 2482 ctibus
214 2417 255 2480 et
283 2402 325 2476 in
351 2399 445 2500 ipsis
477 2396 681 2474 sententiis
709 2399 995 2500 perspiciendis
1019 2401 1194 2478 multum
1231 2413 1232 2420 ’

75 2550 131 2602 me
145 2523 298 2601 debere
313 2532 448 2620 gratus
462 2515 670 2620 profiteor.

164 3003 299 3082 Editio
323 3001 423 3079 haec
447 3001 562 3076 tertia
591 3021 684 3076 cum
705 3021 727 3073 a
753 2995 1009 3104 redemtore,
1040 2995 1193 3075 liberali

74 3119 315 3200 fortunarum
348 3121 608 3220 erogatione,
653 3117 792 3195 multis
831 3118 1075 3196 ornamentis
1101 3143 1192 3198 aere

75 3245 254 3346 expressis
273 3244 456 3344 insignita
482 3253 605 3334 esset,
640 3241 720 3316 iam
740 3254 828 3317 tum
849 3239 898 3318 ab
921 3263 970 3316 eo
985 3263 1076 3342 spes
1091 3237 1192 3317 sacta

74 3379 166 3462 erat,
194 3390 318 3468 opera
336 3367 408 3441 ista
432 3361 657 3466 profligata,
689 3385 733 3436 se
756 3374 985 3445 ornaturum
1009 3383 1114 3460 esse,
1146 3375 1193 3438 ut

73 3485 207 3562 eadem
239 3485 362 3562 editio
382 3485 514 3586 pretio
537 3482 761 3559 multorum
789 3479 1040 3559 facultatibus
1067 3483 1192 3580 magis

74 3605 367 3683 accommodato
380 3605 532 3682 venalis
545 3602 815 3683 excuderetur.
867 3605 973 3700 Hoc,
998 3600 1113 3704 quod
1126 3601 1191 3681 ille

74 3739 153 3804 ttmr
166 3728 414 3824 ostenderat,
442 3749 485 3804 se
498 3723 697 3803 facturum
714 3710 831 3822 esse,
845 3747 954 3799 nunc
972 3747 994 3798 a
1013 3722 1100 3798 viro
1114 3721 1191 3800 hoa

75 3851 285 3926 nestissimo
307 3849 522 3954 praestari,
563 3843 786 3922 admodum
821 3841 966 3936 laetor;
997 3841 1191 3944 'quando-

78 3971 228 4068 quidem
248 3997 324 4074 per
350 3991 520 4048 omnem
544 3965 667 4041 vitam
690 3990 740 4042 eo
756 3963 815 4041 fui
832 3963 989 4060 animo,
1014 3975 1061 4039 ut
1079 3963 1191 4063 inge-

78 4113 166 4168 nuae
180 4092 340 4170 alicuius
355 4103 398 4168 et
412 4087 581 4164 salubris
595 4085 770 4163 utilitatis
783 4085 982 4160 rationem
996 4081 1190 4160 haberem

80 4211 277 4313 potiorem,
305 4235 434 4316 quam
457 4205 820 4286 commendationis
842 4231 889 4284 er
910 4203 1045 4307 specie
1062 4216 1191 4281 exter-

82 4353 119 4406 na
135 4333 336 4414 ambitiose
366 4330 579 4434 quaesitae.
636 4331 777 4428 ltaque
800 4351 876 4404 nec
894 4325 998 4402 hanc
1023 4347 1189 4426 operam

82 4449 204 4556 refugi,
233 4471 279 4538 ut
304 4451 558 4550 corrigerem
577 4445 773 4526 nonnulla
799 4447 945 4550 passim
971 4443 1189 4539 observata,
