2784 4988
312 409 316 416 .
351 339 627 413 PHILIPPI
655 339 954 416 WAGNEttl.
1181 365 1223 416 x1

89 557 179 612 nem
207 525 483 612 adhibendi
509 527 608 612 sint.
672 522 844 634 Quare,
876 527 1001 642 quod
1021 545 1222 647 tempore

11 706 13 750 ,
90 647 321 751 exclusus,
356 645 536 729 etiamsi
559 647 629 730 vel
650 645 848 731 maxime
868 647 1133 754 voluissem,
1164 679 1222 734 ne

89 763 206 879 pomi
225 763 455 876 quidem,
484 763 623 848 libros
638 764 843 848 nondum
869 767 1049 850 collatos
1068 768 1224 882 explo-

88 910 178 966 rare
195 909 334 966 nunc
360 880 548 994 quidem
566 884 700 967 nolui.
761 881 1026 967 Deterrebat
1050 886 1106 968 ab
1134 886 1222 970 hac

87 1027 218 1116 opera
251 1000 423 1104 etiam,
453 1000 574 1110 quotl
599 1000 726 1084 exiis
747 1001 1077 1108 collationibus,
1110 1031 1223 1114 quas

85 1136 178 1234 post
199 1117 455 1202 Heinsium
485 1117 588 1224 alii,
631 1117 919 1203 Burmannus
950 1121 1147 1204 maxime
1182 1137 1225 1205 et

6 1264 8 1330 t
82 1235 355 1350 lllartynuS,
387 1253 485 1318 tum
510 1235 731 1350 Heynius‚
759 1235 968 1342 VossiuS,
1001 1235 1220 1322 Potterius

83 1351 325 1468 (Pettier),
359 1352 613 1469 DorphiuS‚
646 1371 687 1438 et
704 1372 803 1439 ante
821 1357 944 1438 huno
962 1373 1116 1439 auctor
1133 1357 1226 1439 edi-

81 1474 215 1556 tionis
235 1471 515 1577 diobolaris,
541 1471 878 1584 quaeVinariae
904 1481 1031 1564 1826.
1048 1473 1225 1589 prodiit,

82 1591 404 1692 instituerunt,
434 1618 600 1706 parum
627 1608 703 1674 aut
724 1592 839 1674 nihil
858 1591 1100 1708 profecisse
1122 1590 1226 1673 Vir-

82 1709 244 1820 gilium
294 1707 523 1792 videbam.
587 1707 722 1792 Intuli
765 1725 918 1793 tamen
960 1709 1224 1824 Heynianae

81 1825 323 1912 Lectionis
357 1825 595 1932 Varietati,
637 1853 753 1939 quae
788 1827 958 1912 notarit
990 1826 1224 1933 PotteriuS,

82 1946 260 2062 quippe
303 1943 388 2056 qui
419 1944 749 2056 antiquissimos
780 1941 1086 2030 Bibliothecae
1117 1943 1226 2060 Reg.

82 2061 365 2146 Parisiensis
384 2063 560 2148 codices
576 2063 849 2169 tractaverim
874 2079 1148 2178 quamquam
1163 2063 1227 2146 ita

81 2183 301 2266 tractavit
317 2181 369 2262 in
386 2179 590 2294 Virgilio,
613 2181 994 2294 quemadmodum
1013 2183 1062 2263 in
1081 2175 1227 2282 Ouin-

82 2300 262 2383 tiliano.
306 2297 434 2383 Licet
448 2299 569 2382 enim
585 2300 676 2384 huc
694 2303 946 2406 transferre,
967 2325 1079 2409 quae
1091 2301 1227 2382 Zum-

84 2417 208 2532 ptius
223 2415 411 2530 scripsit
428 2417 473 2500 in
494 2417 729 2503 Prooemio
747 2416 801 2502 Τ.
818 2416 873 2501 V.
893 2411 1079 2522 Quintil.
1096 2416 1227 2534 Spal-

85 2533 303 2651 dingiani
325 2561 425 2650 pag.
448 2532 559 2618 XX.
587 2553 629 2620 et
653 2534 803 2619 XXl.:
847 2585 939 2642 „-
968 2535 1080 2618 haec
1104 2560 1227 2618 com-

85 2653 367 2736 memoratio
385 2650 596 2736 codicum
609 2653 917 2737 Parisinorum
932 2651 1129 2768 speciem
1145 2651 1227 2733 ha-

88 2773 162 2856 bet
199 2769 433 2856 maiorem
466 2797 604 2881 quam
634 2770 882 2855 utilitatem.
941 2819 1001 2834 -
1025 2767 1229 2852 —Nam

87 2890 340 2975 consilium
358 2887 541 3000 quidem
561 2887 653 2972 eius
672 2885 892 3004 (Potterii)
917 2888 966 2970 in
983 2913 1229 3002 excerpen-
1364 2973 1367 2982 ,

88 3007 157 3092 dis
179 3007 320 3092 libris
340 3007 517 3089 nullum
537 3009 744 3121 cognovi,
777 3005 857 3118 qui
879 3035 936 3088 ne
954 3006 1002 3088 in
1024 3005 1110 3088 illis
1129 3003 1228 3116 qui-

90 3125 194 3210 dem
220 3123 363 3228 locis,
395 3125 477 3207 ubi
500 3125 696 3208 maxime
716 3153 827 3240 opus
851 3122 1007 3228 fuerit,
1037 3122 1229 3207 fideliter

90 3242 351 3346 annotarit,
396 3241 508 3352 quid
543 3242 591 3324 in
630 3269 808 3354 quoque
846 3242 959 3324 libro
998 3241 1226 3325 invenerit.
1269 3296 1272 3302 ,

91 3411 149 3426 -
179 3411 247 3424 ——
279 3357 437 3443 Unum
464 3359 552 3443 hoc
576 3387 759 3465 moneo,
789 3389 847 3443 ne
872 3359 971 3470 quis
988 3375 1228 3476 propterea

93 3480 216 3594 quod
234 3477 481 3563 Pottierius
499 3476 614 3561 nihil
631 3478 877 3580 annotavit,
909 3477 996 3560 hoc
1024 3477 1093 3558 vel
1116 3471 1229 3558 illud

94 3627 209 3683 esse
228 3599 283 3682 in
303 3594 538 3680 codicibus
550 3593 764 3678 Parisinis
780 3601 941 3711 putet.“
960 3642 1020 3656 -
1039 3591 1090 3676 In
1106 3591 1229 3708 prio-

93 3718 214 3802 ribus
255 3713 450 3827 quidem
478 3711 701 3798 Aeneidos
736 3713 860 3798 libris
889 3739 1024 3826 saepe
1055 3709 1227 3794 videbis

93 3835 306 3920 laudatas
333 3829 508 3915 codicis
534 3829 824 3944 Alburgensis
851 3829 1077 3912 lectiones
1137 3828 1229 3913 Ac-

94 3979 311 4072 ceperam
349 3947 636 4033 collationem
662 3975 743 4032 sex
773 3947 977 4065 priorum
1011 3948 1230 4031 librorum
1352 4021 1357 4039 ,

92 4073 223 4159 huius
241 4066 427 4158 codicis
449 4065 506 4149 ab
532 4066 857 4150 humanissimo
881 4064 1232 4150 modestissimo·

91 4223 172 4308 que
204 4190 355 4292 Viro,
388 4183 617 4300 Dorphio,
650 4183 841 4270 Scholae
862 4181 1231 4267 Hothersnesien-

91 4315 143 4397 sis
168 4311 405 4408 Rectore,
436 4303 620 4410 factam3
661 4329 798 4416 quam
823 4327 966 4414 quum
992 4297 1230 4385 is‘Seebo-
