2660 5002
92 433 94 440 ·
205 405 278 476 180
441 398 482 472 Ρ,
508 392 765 471 VIRGILII
795 390 1069 468 MARONIS

203 587 308 658 Tum
325 577 656 656 Phaethontiadas
672 601 810 653 musco
825 576 1043 652 circumdat
1061 600 1207 652 amarae

203 684 384 779 Codicis,
412 696 530 784 atque
547 681 635 756 solo
651 705 834 781 proceras
850 681 962 778 erigit
978 679 1100 758 alnos.

203 794 309 864 Tum
330 787 451 884 canit,
488 798 686 862 errantem
701 785 897 861 Permessi
913 783 962 858 ad
976 781 1141 858 flumina
1155 779 1301 858 Gallum

235 979 270 1032 62
287 975 356 1026 Male
369 974 583 1028 Phaetontiades
595 973 719 1042 scriptum
738 973 767 1024 in
784 973 826 1026 ed.
841 976 926 1024 burm.
942 983 968 1024 et
982 971 1033 1036 al.;
1058 984 1097 1024 est
1114 969 1180 1022 enim
1193 965 1302 1022 onitu
1317 1003 1318 1034 a

201 1047 255 1098 Sol.
271 1043 454 1104 oaseovudc.
487 1061 599 1095 canorae
614 1045 723 1095 corticis
738 1053 811 1094 notat
824 1043 927 1096 Servius
958 1053 1049 1111 ropter
1062 1059 1155 1110 genam
1179 1057 1234 1090 oum
1250 1037 1318 1092 alibi,

202 1127 230 1166 nt
246 1119 309 1166 Aen.
323 1117 380 1178 Vll,
399 1112 452 1170 742
474 1113 509 1164 sit
527 1111 704 1164 masculinum.
773 1113 808 1169 63
825 1131 895 1182 uque
910 1061 969 1164 scio
989 1111 1101 1162 Gudian.
1116 1129 1132 1161 o
1148 1127 1183 1160 m.
1201 1127 1255 1176 pn,
1274 1107 1318 1176 inl

143 1239 146 1245 Δ
200 1184 312 1236 varietur
326 1183 397 1246 ierc3
414 1201 438 1234 v.
453 1184 501 1233 Ge.
516 1184 561 1248 IV,
574 1179 634 1236 347.
653 1181 695 1232 hic
706 1193 793 1232 tamen
808 1200 860 1233 non
873 1181 952 1242 rnale3
973 1181 1022 1232 etsi
1036 1200 1054 1231 α
1067 1199 1114 1250 per
1129 1197 1156 1231 se
1172 1177 1301 1246 suppletur.
1317 1211 1318 1250 ἦ

202 1255 273 1322 (Non
288 1271 323 1315 a,
345 1252 392 1304 sed
405 1253 447 1313 in3
469 1251 488 1302 i.
504 1269 518 1302 e
536 1251 619 1314 canit,
643 1261 672 1301 nt
691 1250 748 1302 solo
763 1250 829 1302 fine
844 1250 976 1313 steterint,
999 1267 1067 1318 qnae
1085 1260 1158 1300 antee
1175 1247 1255 1297 labere
1267 1246 1318 1312 int

201 1331 346 1385 cesserant,
363 1321 470 1372 arbores
483 1321 566 1372 iactae
581 1319 816 1372 Phaethontiades.
850 1323 929 1389 Aque
944 1318 967 1378 si
982 1318 1090 1370 dixisset
1101 1327 1194 1387 poeta,
1211 1315 1301 1366 videre·
1317 1323 1318 1376 l

201 1401 244 1442 tur
260 1391 333 1460 qnasi
347 1407 452 1444 cernere
467 1390 575 1440 arbores
593 1389 654 1440 istas
667 1390 701 1440 nd
713 1401 809 1440 tantam
822 1388 1008 1458 proceritatem
1021 1396 1227 1446 succrescentem
1243 1384 1301 1464 qnod
1317 1393 1318 1402 ¹

201 1460 371 1511 subinsulsum
387 1459 465 1510 foret.
492 1459 562 1525 Wr.)
632 1455 667 1512 64
684 1461 749 1510 Tam
763 1458 911 1527 importuna
926 1467 967 1508 est
980 1456 1050 1508 Galli
1068 1452 1318 1508 commemor-aneio,

200 1529 292 1581 mediis
305 1527 415 1592 fabulis,
433 1545 490 1578 curn
505 1544 566 1578 mox
578 1546 602 1578 v.
615 1524 651 1582 74
664 1528 697 1578 nd
710 1528 773 1580 elius
789 1527 889 1578 fabulas
905 1527 940 1578 de
953 1526 1038 1594 Scylla
1050 1535 1079 1576 et
1093 1523 1236 1578 Philomela
1248 1539 1299 1592 pto·

201 1599 294 1662 cedat,
318 1609 347 1648 nt
361 1615 463 1666 semper
475 1597 610 1650 molestum
625 1615 727 1648 sensum
742 1597 769 1646 in
785 1596 827 1647 his
846 1613 924 1648 versa.
941 1595 1084 1646 habuerim.
1119 1593 1214 1646 Facilis
1232 1603 1299 1642 tnnrn

200 1668 302 1718 medela
315 1675 368 1729 est,
385 1665 408 1716 si
420 1683 507 1716 versus
520 1667 692 1735 transpositos
706 1685 762 1717 esse
775 1665 949 1726 intellexerim
968 1665 1038 1733 qnod
1052 1664 1075 1714 si
1089 1681 1211 1733 usquam,
1224 1661 1299 1712 alten

200 1737 227 1788 h.
239 1737 257 1787 l.
270 1736 363 1787 factum
375 1734 503 1800 arbitron
521 1753 605 1803 neque
616 1735 692 1786 aliter
705 1735 863 1802 scaligerum
876 1733 987 1786 sensisse
1000 1743 1111 1785 constet.
1137 1732 1241 1784 Scilicet
1252 1747 1298 1780 eer-

200 1824 243 1856 sus
255 1802 371 1858 74-81
396 1804 467 1868 Quid
481 1804 579 1873 loquar
594 1814 643 1856 etc.
666 1821 747 1874 usque
766 1804 801 1854 ad
814 1802 917 1873 Infelix
930 1821 983 1856 suc
1006 1815 1078 1854 tecta
1096 1801 1298 1874 eupenrcliture-

199 1877 237 1926 rit
250 1874 304 1924 ulis
322 1872 473 1924 retrahendi
491 1883 553 1924 sant
567 1873 680 1924 insuam
693 1874 779 1924 lecum
795 1883 855 1924 aute
873 1873 941 1924 hunc
955 1869 1003 1936 64,
1027 1881 1107 1940 utque
1121 1883 1184 1939 post
1197 1869 1252 1920 illos
1264 1887 1298 1918 sr-

200 1953 305 2010 quatur:
333 1945 401 1992 Tum
420 1943 509 2005 carsit,
533 1955 677 1994 errantem.
720 1945 762 2011 (at
786 1942 896 1992 formula
918 1941 989 2006 Quid
1009 1941 1109 2010 loquar
1129 1957 1168 1991 rs.
1184 1937 1242 2000 74.‚
1260 1953 1298 2004 qut

199 2011 293 2062 ntisnur
305 2011 338 2060 ad
350 2009 427 2060 finem
441 2021 628 2078 properantes,
644 2011 736 2075 docet,
754 2011 803 2064 ista
816 2028 868 2062 non
882 2028 939 2062 esee
954 2011 1015 2060 loco
1029 2027 1076 2060 suo
1088 2009 1223 2060 movenda.
1253 2009 1297 2058 lie·

199 2079 254 2147 gari
275 2090 360 2138 tamen
380 2079 482 2146 nequit,
509 2091 629 2147 exparte
652 2087 745 2132 verum·
760 2079 856 2132 vidisse
874 2079 1031 2147 scaligerum
1048 2089 1075 2130 et
1090 2079 1227 2145 Heyninnr.
1256 2075 1295 2126 Sed

199 2148 298 2200 sublata
310 2147 392 2198 omnis
409 2147 561 2211 difficultas,
578 2147 615 2214 si,
633 2149 755 2202 Vossium
768 2149 864 2213 secuti,
881 2167 931 2200 ves.
946 2145 989 2203 74.
1002 2166 1059 2217 sqq.
1078 2165 1093 2197 e
1109 2147 1181 2198 Gelli
1195 2143 1296 2198 carmin·

197 2217 260 2280 bns,
286 2217 395 2270 ornandi
414 2217 489 2268 antici
508 2235 598 2281 cause,
627 2217 679 2270 huc
697 2219 830 2271 traductos
851 2236 908 2269 esse
930 2217 1102 2270 statuerimus.
1136 2221 1217 2270 acute
1236 2214 1295 2265 edan

199 2285 318 2338 Iahnius:
348 2285 456 2353 „Magis
477 2287 556 2338 etiarn
571 2286 687 2355 Heynins
710 2289 828 2352 aberrat,
851 2287 968 2340 versibus
988 2285 1023 2342 64
1035 2313 1071 2326 -
1082 2287 1125 2341 78.
1142 2297 1205 2353 poet
1219 2303 1251 2334 rs
1263 2283 1294 2333 st.
1317 2281 1318 2348 l

197 2355 378 2422 transpositis,
417 2355 519 2407 uoniam
532 2356 560 2406 in
578 2355 670 2408 mediis
689 2357 783 2409 fabulis
797 2357 942 2424 importuna
961 2356 996 2408 sit
1009 2355 1079 2408 Galli
1095 2351 1293 2407 commemoratio·
1317 2355 1318 2410 ᾗ

198 2425 251 2478 Sed
262 2434 347 2476 tamen
362 2424 389 2478 in
399 2373 444 2476 iris
461 2425 540 2478 etiam
553 2425 641 2478 fabule
654 2427 769 2496 Gryneei
783 2427 911 2490 refertur,
935 2425 975 2476 cui
991 2425 1137 2477 summatim
1151 2433 1246 2475 tanton
1257 2437 1293 2469 ne·
1317 2429 1318 2432 ’

198 2512 248 2564 que
266 2493 329 2561 ipsis
344 2493 425 2545 sileni
443 2495 530 2546 verbis
548 2505 668 2546 narratae
686 2505 766 2563 poeta
785 2495 919 2548 commode
934 2493 1003 2548 Galli
1019 2493 1178 2546 mentionem
1198 2493 1293 2542 intexere

197 2564 310 2632 potuit.“
344 2563 470 2632 Equidem
485 2565 585 2628 fateor,
609 2582 650 2616 me
667 2565 781 2616 nondum
795 2563 940 2632 expeditam
953 2564 1051 2614 hebere
1066 2563 1099 2614 de
1113 2571 1173 2614 toto
1188 2561 1235 2612 hoc
1248 2559 1293 2608 loco
1317 2593 1318 2596 κ

129 2630 134 2642 “
197 2631 359 2684 sententiam.
395 2634 514 2684 Ceterum
530 2635 652 2684 Permesi
663 2633 816 2700 scriberem,
839 2633 863 2684 si
876 2631 974 2685 ullaex
990 2633 1067 2686 codd.
1084 2633 1291 2685 eneorimsoee

197 2703 286 2766 deret3
304 2703 351 2755 cfr·
370 2703 401 2756 V.
415 2703 446 2754 L.
461 2719 499 2754 vs.
512 2703 556 2758 29·
576 2703 647 2770 Wr.)

240 2863 291 2926 62.
305 2865 363 2926 68.
382 2881 482 2918 musco
502 2859 680 2936 cimmerici,
702 2859 733 2921 lt.
774 2859 875 2920 multis
889 2858 1086 2919 mediastutui
1099 2867 1210 2940 potest:
1229 2851 1291 2934 quod

197 2946 283 3021 canit,
301 2945 552 3022 quemadmodum
563 2945 734 3006 Phaethon·
774 2949 843 3005 sads
858 2953 980 3020 constet,
1002 2965 1065 3004 non
1076 2943 1225 3004 habemu

196 3031 234 3088 tis
252 3051 368 3090 sorores
388 3051 524 3090 muscoso
545 3033 654 3090 oortice
673 3033 734 3092 cir·
817 3029 968 3104 64—78.
1003 3031 1162 3090 Intertexit
1182 3029 1225 3088 his
1239 3045 1290 3102 ruy-

196 3115 351 3174 cumdntae
374 3125 403 3174 et
430 3115 463 3174 in
494 3117 576 3175 alnos
605 3127 733 3177 mutatae
773 3113 833 3174 this
854 3117 973 3176 Gallum
992 3135 1082 3176 suurn
1105 3116 1144 3174 ad
1159 3115 1290 3174 bimorum

195 3199 314 3258 suerint.
356 3201 467 3258 Diount
482 3202 562 3261 enim
578 3213 681 3280 poetae
699 3223 733 3261 ea
774 3201 902 3260 chorum
918 3201 1084 3260 deductum
1110 3210 1140 3260 et
1158 3193 1289 3258 abinali-

185 3285 274 3360 fieri,
296 3304 371 3362 quae
389 3285 483 3362 facta
504 3307 625 3347 narrare
645 3289 731 3348 vole·
773 3287 850 3346 stulu
862 3286 1006 3346 Hesiodea
1019 3287 1177 3346 donatum:
1193 3283 1289 3344 anlow
1317 3355 1318 3360 ἵ

194 3371 281 3447 berrt5
303 3378 333 3426 et
346 3370 488 3430 tribuitur
501 3382 604 3450 poetae
619 3394 653 3433 ac
669 3374 751 3433 veti·
772 3373 840 3432 setis
871 3371 1047 3447 commodo,
1076 3382 1156 3432 rede
1181 3368 1287 3430 dubito:

193 3465 345 3534 tamquam
358 3457 472 3515 auctori
486 3457 539 3532 id,
561 3460 643 3538 quod
656 3479 731 3518 con-
773 3457 846 3516 dum
873 3457 1083 3534 antiquissimis
1105 3457 1193 3518 rebus
1209 3449 1287 3514 inni·

194 3542 292 3622 tigisse
314 3541 443 3602 carmine
461 3563 515 3602 suo
538 3545 675 3622 exponit:
696 3553 732 3604 ut
771 3551 887 3602 sceatur
919 3541 1011 3602 homo
1052 3545 1117 3602 aevi
1151 3533 1285 3620 Virgillwl

193 3627 254 3688 iem
284 3627 322 3688 ed
350 3648 394 3688 vs.
416 3624 466 3691 46.
519 3625 681 3710 (Exempla
705 3630 730 3688 si
773 3625 845 3710 (Sed
863 3627 925 3688 vid.
947 3627 983 3689 V.
1006 3628 1039 3688 L.
1070 3627 1157 3710 Wr.)
1200 3625 1285 3684 Pus

194 3713 326 3792 quaeris,
348 3713 397 3773 ndi
412 3713 544 3772 Gronov.
557 3715 648 3774 Diatr.
665 3736 729 3794 pag.
772 3713 892 3791 quidem
918 3715 1109 3792 praectarum
1139 3721 1182 3772 est
1205 3713 1285 3790 poth!

196 3803 267 3862 119.
289 3796 378 3881 Wr.)
414 3799 550 3858 Getarum
559 3799 730 3858 Phaethon·
772 3808 973 3860 commentum
989 3800 1028 3858 sd
1045 3799 1122 3860 Gelli
1136 3796 1244 3858 leudem
1258 3789 1284 3848 ab
1317 3805 1318 3810 ’

193 3884 231 3942 tis
249 3905 365 3944 sonores
389 3893 515 3945 mutatas
530 3905 591 3944 esso
604 3885 637 3944 in
653 3886 729 3944 luri-
771 3885 888 3964 ingenio
907 3893 935 3942 et
946 3886 1064 3964 poetica
1084 3883 1220 3946 securitate.
1256 3877 1283 3970 ll

194 3989 263 4042 ces,
297 3971 484 4030 communior
520 3970 620 4032 sabulo
654 3972 728 4044 sert,
770 3970 893 4049 poeticis
908 3971 1015 4030 studiis
1028 3991 1098 4031 eum
1115 3967 1282 4042 teneriore·

193 4053 320 4132 populos
354 4064 455 4114 noster
485 4055 546 4134 ipse
578 4055 730 4116 substinuit
770 4055 888 4131 ficeret,
917 4057 958 4118 nit
984 4075 1055 4116 eum
1078 4047 1281 4116 sumentia

194 4137 607 4216 ten.x,1oo‚unv.n0t
630 4141 729 4200 noea
772 4142 1059 4202 maurentinus.
1102 4127 1280 4201 mmo-st

193 4221 321 4300 appellnt
337 4224 414 4284 circa
434 4227 546 4284 sontem
555 4225 627 4286 Padi
649 4227 729 4301 sites,
771 4227 908 4288 Boeotiam
923 4247 962 4288 ex
983 4228 1124 4288 Helicone
1137 4231 1228 4284 munte
1240 4216 1279 4274 dt·

193 4306 286 4366 Pedes
316 4309 407 4370 Gallie
439 4312 550 4385 dictus,
579 4311 654 4370 Plio.
679 4311 729 4386 111,
772 4313 931 4390 scendene.;
961 4313 1128 4374 denarum
1147 4309 1194 4370 hic
1214 4315 1279 4362 mom

195 4397 235 4456 16
252 4413 274 4450 s.
289 4395 329 4455 20
351 4413 367 4450 o
387 4394 569 4456 Metrodoro.
612 4397 654 4454 lle
670 4395 731 4454 ele·
772 4417 827 4476 per
840 4399 946 4458 Aonas
960 4411 1092 4472 nwntes,
1114 4387 1278 4454 attonitus

193 4486 272 4553 otro,
291 4477 373 4557 quod
387 4481 531 4540 exsudare
544 4481 638 4542 dictae
652 4491 731 4559 sunt,
772 4485 878 4563 primis
891 4483 1030 4544 Boeotiae
1042 4483 1150 4544 incolis.
1159 4470 1277 4540 v-Slfll’⁰
