2710 4998
212 397 333 448 cxxxn
383 377 424 450 P.
451 373 588 450 VIRG.
614 371 736 448 Mau
762 373 886 452 VITA
913 371 1014 448 PER
1037 375 1151 450 ANN.
1178 373 1283 449 DIG.

212 567 412 646 implicuerit,
442 563 511 623 odio
534 561 708 642 excidioque
731 562 896 644 afflixeris,
928 563 996 622 ludi
1016 563 1156 624 ἱιᾙιιαιὶἰ
1175 563 1340 645 ᾰιὶιεῲῖἰω

211 666 328 712 ιιοιιηιι
343 671 459 731 quoque
474 667 635 706 memoriae
652 651 783 707 mustum
796 661 848 708 est.

296 737 338 796 Ut
352 735 474 815 Virgilio
499 735 628 796 Ennium
640 734 678 792 ah
696 733 831 794 Adriano
853 733 1022 813 praelatum
1038 743 1155 799 taceam
1175 732 1340 818 (spartian.

213 844 237 883 c.
257 818 326 905 15):
349 819 622 902 CaligulaVirgilii
619 819 776 880 memoriae
794 817 958 880 admodum
980 820 1108 880 infestus
1127 822 1195 882 fuit.
1241 822 1340 880 Sedet

217 909 344 987 Virgilii
357 920 385 966 et
402 910 437 965 Τ.
456 909 543 966 Livii
555 909 667 984 scripta
687 918 715 964 et
736 909 904 984 mmgmea,
927 893 1072 984 paullum
1095 905 1196 986 afuit,
1219 910 1340 987 quinex

213 993 348 1056 omuibus
359 991 542 1052 bibliothecis
559 1004 725 1067 armaverat,
755 1013 880 1071 quorum
898 993 1042 1066 clunem,
1072 1005 1106 1050 ut
1122 993 1269 1051 ιιιιλίἱιιι
1254 1013 1339 1071 usge-

212 1083 258 1140 uii
270 1082 474 1157 ‘maremque
496 1077 649 1136 doctr-sisae
666 1109 710 1122 -·
725 1075 868 1155 carpebat
892 1079 1015 1136 Sueton.
1029 1077 1119 1156 CaIig.
1141 1075 1193 1141 34.
1239 1078 1340 1154 ltaque

212 1165 326 1246 Virgilii
345 1165 461 1223 codices
485 1163 524 1222 ad
544 1181 673 1244 parvum
692 1170 758 1222 tum
779 1181 939 1222 numerum
952 1162 1091 1222 redactos
1109 1163 1201 1222 fuisse
1222 1181 1339 1222 neeesse

213 1259 267 1310 est.
310 1250 358 1313 Au
377 1251 456 1310 sorte
473 1247 544 1308 inde
563 1249 595 1308 irs
615 1256 702 1307 tanto
729 1267 813 1307 nunc
835 1247 1076 1328 apographorum
1098 1267 1227 1309 numero
1249 1250 1339 1308 mhus

212 1337 263 1396 ille
278 1335 424 1396 librorum
444 1334 533 1394 ctiam
545 1334 746 1396 vetustiorum
765 1334 797 1393 in
817 1335 1002 1414 corruptelas
1018 1339 1179 1394 consensus
1197 1345 1339 1415 repeten-

112 1429 117 1440 '
214 1419 271 1482 dus
284 1423 350 1482 estl
372 1431 419 1494 ut,
440 1441 509 1479 cum
521 1430 592 1499 post
603 1418 678 1480 haec
689 1419 848 1498 Virgiliana
860 1421 992 1478 cerasina
1003 1439 1041 1478 ex
1052 1420 1165 1500 pausis,
1186 1441 1248 1480 uec
1265 1422 1339 1480 sorte

214 1507 474 1582 emendatissimis,
506 1505 726 1584 exemplaribus
749 1505 1006 1581 describerentur,
1036 1525 1110 1566 vera
1128 1507 1189 1566 iam
1206 1515 1281 1565 tum
1299 1507 1338 1564 le·

214 1595 275 1652 ctio
288 1593 439 1673 periisset;
460 1592 661 1668 quassatum,
682 1599 718 1650 ut
733 1592 846 1650 frustra
860 1611 943 1651 nunc
961 1613 979 1650 a
998 1591 1080 1651 libris
1095 1593 1262 1668 auxilium,
1291 1591 1337 1650 ubi

213 1677 353 1753 haereas,
375 1685 560 1757 expectatam.
602 1677 735 1736 Extahat
758 1685 855 1738 tamen
876 1677 989 1756 Virgilii
1006 1697 1112 1736 manus
1134 1676 1240 1737 adhuc
1258 1677 1338 1736 Plinii

214 1765 335 1823 maioris
349 1771 447 1821 aetate
461 1761 500 1822 Η.
515 1763 550 1821 N.
565 1762 645 1837 XIII,
671 1765 710 1826 12
727 1772 806 1822 extr.
825 1773 856 1822 et
874 1763 1085 1838 Quinctiliani,
1107 1763 1179 1822 Inst.
1197 1763 1222 1838 1,
1248 1768 1278 1838 7,
1291 1766 1336 1828 20.

213 1851 289 1910 Νιιιι
308 1849 390 1929 apud
403 1848 478 1908 GelI.
499 1848 522 1923 1,
544 1851 583 1912 21
604 1848 770 1927 Hyginum,
799 1849 851 1926 qui
868 1849 970 1928 paullo
992 1857 1061 1927 post
1076 1848 1237 1928 Virgilium
1255 1848 1336 1920 vixit,

214 1937 324 1995 librum
340 1957 377 1992 ex
390 1934 478 1992 doaso
492 1933 718 2012 atquesamslia
737 1936 866 2012 Virgilii
885 1933 1023 1994 habuisse
1042 1933 1085 1993 nil
1106 1935 1227 1994 mirum
1272 1933 1335 1994 Vu-

213 2021 273 2100 gilii
285 2017 493 2099 idiographum
507 2018 617 2078 librum
631 2019 813 2097 inspectum,
841 2019 893 2078 sed
908 2020 945 2080 ab
964 2019 1043 2094 eliis,
1065 2019 1180 2080 Gellius
1193 2027 1335 2080 memorat

214 2107 249 2166 N.
263 2105 299 2166 A.
315 2107 368 2179 lx,
392 2103 441 2167 14.
484 2102 575 2184 Apud
588 2103 717 2162 eundem
738 2105 774 2180 11,
798 2108 875 2168 3-
894 2109 973 2163 venr't
991 2103 1076 2163 nobis
1097 2108 1129 2164 in
1150 2109 1332 2174 memorabar,

214 2191 327 2252 Fidum
345 2191 506 2268 Optatam,
527 2191 616 2248 mrdti
625 2193 755 2248 nemesis
769 2191 887 2248 Itoniae
907 2193 1158 2268 grummtmum,
1181 2191 1335 2250 ostendisse

214 2278 291 2336 milii
304 2276 412 2335 tumen
425 2274 568 2334 Aeneidis
582 2275 759 2350 secundum,
781 2273 938 2334 assandas
958 2278 1110 2334 vestutatis
1129 2273 1245 2356 (medio
1268 2294 1334 2334 saec

215 2363 264 2446 II),
284 2375 394 2421 ensusm
407 2364 440 2418 ira
453 2361 620 2439 Sigillaria
633 2361 705 2419 XX
717 2364 827 2436 amre,
851 2382 940 2441 quem
953 2364 1048 2438 r'pasiue
1062 2361 1192 2439 Virgilii
1202 2384 1265 2420 esse
1278 2382 1334 2419 ere·

214 2449 316 2524 debat,
337 2448 368 2506 in
382 2465 442 2529 qno
455 2445 529 2512 Aen.
542 2445 578 2520 II,
601 2444 664 2510 470
680 2468 759 2505 uena
774 2447 920 2526 scriptum
932 2455 1010 2520 erat,
1032 2445 1137 2506 addita
1149 2467 1243 2528 supra
1260 2447 1335 2506 litte-

215 2556 249 2594 ιι
272 2535 425 2594 lisactum
445 2533 553 2592 αΙιιιια.
596 2531 688 2611 Apud
709 2531 799 2592 eund.
822 2533 900 2607 XIII,
923 2536 965 2597 20
986 2531 1102 2592 Probus
1121 2563 1165 2580 -
1186 2537 1220 2592 in
1240 2537 1334 2612 pruno

217 2623 404 2700 Georgicon,
442 2637 530 2696 quem
549 2636 619 2697 ego,
648 2621 763 2697 inquit,
797 2617 908 2678 librum
930 2639 1023 2678 mauu
1049 2617 1143 2698 ipsius
1169 2629 1334 2680 correctum

214 2708 287 2787 legi,
309 2705 389 2764 urbis
401 2725 458 2783 per
472 2705 625 2762 ilitteram
641 2706 769 2780 scripsit.

299 2792 436 2870 Magnam
450 2790 565 2870 copiam
579 2809 722 2848 varmum
735 2798 766 2848 et
781 2789 903 2848 lusuum
914 2789 946 2848 ia
965 2790 1132 2870 Virgilium·
1137 2791 1262 2869 eiusque
1274 2810 1334 2848 ear-

215 2879 384 2937 minaeum
405 2877 484 2939 bona
505 2886 571 2934 tum
595 2873 689 2948 mala,
723 2875 924 2934 vetustiorum
946 2885 977 2934 et
1002 2877 1149 2936 seriorum
1173 2887 1334 2957 poetarum,

215 2964 277 3046 vid.
295 2973 364 3042 post
378 2961 536 3021 Pithoeum
550 2971 581 3019 et
596 2961 651 3019 los.
663 2959 871 3037 Scaligerum
863 2981 894 3020 us
912 2961 1067 3021 Catalectis
1080 2962 1163 3042 apud
1177 2965 1332 3022 Burmann

215 3049 247 3106 in
260 3047 421 3126 Antholog.
439 3047 505 3105 Lat.
519 3045 569 3106 lib.
587 3046 624 3120 11,
645 3065 689 3124 ep.
714 3049 773 3109 173
790 3065 853 3124 sqq.
897 3046 938 3104 De
957 3046 1271 3108 hisSclsolasticorum
1285 3066 1332 3105 es-

215 3132 481 3191 ercitationibusv.
496 3091 631 3195 Prooeni.
645 3131 685 3189 ad
699 3131 838 3191 Culicem.
861 3131 897 3192 cf.
909 3133 1094 3195 Wernsdors.
1111 3135 1140 3193 P.
1155 3135 1188 3195 1..
1203 3133 1244 3194 Μ.
1258 3133 1331 3194 Tem.

215 3216 266 3295 VI,
309 3221 382 3280 .29.

286 3237 377 3362 pCum
393 3301 481 3360 semel
494 3300 652 3362 hominum
665 3302 825 3362 doctorum
836 3301 952 3380 ingenia
965 3301 1005 3362 ad
1018 3304 1120 3363 inanes
1135 3304 1222 3364 lusus
1236 3313 1266 3362 et
1281 3321 1332 3360 nu·

214 3409 264 3468 gas
278 3388 414 3469 poeticen
429 3387 633 3448 deflexissent:
655 3388 756 3447 exorti
777 3407 895 3466 quoque
912 3397 998 3462 sunt,
1026 3389 1077 3468 qui
1092 3389 1231 3449 illiberali
1251 3407 1332 3469 pror·

215 3495 265 3535 sus
280 3475 404 3536 invento
425 3483 565 3532 centones
583 3473 760 3554 Virgilianos
774 3473 947 3550 conderent.
991 3473 1036 3534 Ex
1050 3475 1109 3535 hoc
1131 3495 1259 3536 nauuero
1275 3491 1332 3531 sae-

215 3562 283 3621 culo
297 3569 406 3640 quarto
421 3569 550 3619 exeunte
563 3559 706 3620 inclaruit
718 3559 858 3618 Falconis
873 3559 983 3624 Proba.
1001 3561 1076 3620 confi
1096 3563 1167 3621 Sex.
1188 3563 1331 3622 Onomast.

174 3681 175 3686 κ
215 3649 248 3706 Τ.
266 3647 280 3706 I
282 3669 332 3727 ,.p
347 3646 420 3711 438.
464 3645 549 3708 Circa
567 3645 646 3706 idem
666 3654 783 3724 tempas
803 3643 964 3724 dispescuit
987 3666 1056 3706 suos
1078 3656 1224 3706 centones
1242 3646 1331 3704 Auso-

216 3733 291 3790 nius.
333 3732 417 3790 Adeo
439 3729 557 3792 difficile
577 3741 621 3788 est
633 3732 798 3811 perspicere
812 3739 842 3788 et
864 3729 1026 3791 diiudicare
1033 3731 1137 3830 ,quid
1152 3752 1259 3792 verum
1269 3728 1330 3810 pul·

215 3836 359 3896 crumque
379 3817 434 3891 sit,
465 3817 489 3876 ai
509 3815 598 3875 semel
612 3815 769 3876 hominum
784 3815 895 3874 iudicia
915 3817 1085 3876 occaecavit
1111 3837 1202 3897 pravi
1193 3811 1330 3892 'exempli

215 3902 362 3982 falsaeque
377 3901 525 3999 opinionis
539 3901 711 3962 auctoritas.
756 3901 942 3962 Mirabantur
957 3912 1059 3962 tamen
1075 3901 1108 3962 hi
1121 3903 1258 3964 homines
1270 3901 1330 3961 Vir-

214 3986 316 4067 gilium
330 4008 391 4046 non
404 3987 502 4047 asinus
515 4007 550 4048 ac
566 3987 685 4046 Pisones
697 3985 748 4047 vel
761 3985 902 4046 Messalae
914 4007 953 4048 ex
967 3987 1120 4069 Augusteo
1135 3990 1263 4050 smculo.
