2652 5032
180 383 256 459 500
428 379 470 454 P.
502 375 757 454 VIRGILII
787 373 1057 452 MARONIS

182 615 261 744 Tc
287 688 470 768 quoque,
497 686 639 763 magna
662 663 794 761 Pales,
826 676 866 739 et
891 675 931 738 te
954 659 1207 737 memorande
1228 685 1285 734 ca-

761 791 904 842 nemus

178 879 317 950 Pastor
332 869 380 946 ab
400 867 644 971 Amphryso,
670 894 761 966 vos,
787 870 903 944 silvae
921 891 1137 968 amnesque
1149 866 1286 962 Lycaei.

180 979 337 1070 Cetera,
367 995 467 1074 quae
485 999 623 1048 vacuas
640 975 861 1050 tenuissent
878 973 1051 1048 carmine
1069 973 1226 1065 mentis,

180 1079 327 1158 Omnia
344 1078 423 1152 iam
438 1076 609 1174 volgata:
636 1079 722 1178 quis
742 1091 808 1152 aut
824 1074 1041 1174 Eurysthea
1059 1074 1212 1168 durum,

230 1229 265 1298 2.
291 1220 534 1310 Anrnnrs03
587 1221 621 1294 4.
648 1235 853 1308 vononru3

215 1429 402 1501 2Ampltrero
423 1425 520 1478 Medic.
541 1425 638 1495 (potino
652 1424 789 1496 Amfreeo.
810 1425 882 1492 Wr.)
917 1430 968 1478 Am
988 1425 1088 1492 drreco
1109 1425 1251 1482 Romanum
1268 1433 1291 1470 ar

179 1499 334 1570 Amphryao
348 1497 439 1565 lregm.
455 1495 540 1548 vnio.
576 1495 685 1547 variant
705 1495 798 1546 eodem
815 1495 894 1546 modo
907 1496 957 1546 cod
978 1533 985 1544 .
1006 1495 1034 1544 iu
1047 1494 1206 1545 Callimacho
1226 1503 1250 1542 ct
1263 1490 1290 1540 al.

179 1572 278 1621 Tuetur
294 1565 436 1636 simplicem
453 1565 568 1616 litteram
583 1565 694 1616 Brunck.
708 1566 741 1616 ad
762 1565 886 1634 Apollon.
909 1575 936 1614 et
950 1573 1036 1614 recte:
1061 1563 1124 1614 add.
1137 1563 1291 1630 Steplr.Byr.

179 1633 374 1704 in'Apppuooe.
409 1634 461 1688 Alii
478 1635 638 1704 Amphriro,
663 1639 713 1688 Am
734 1635 833 1698 drinio,
859 1645 888 1684 ut
911 1633 994 1684 Goth.
1029 1634 1094 1683 Mox
1118 1635 1291 1700 lqcoer'rectr

179 1725 268 1758 omnes
281 1705 411 1758 scribunt:
437 1714 465 1754 ut
479 1722 521 1774 ap.
536 1703 687 1758 Pausaniam
699 1653 818 1772 aliosque
832 1704 947 1754 Graecos
960 1701 1120 1768 scriptorem
1147 1701 1239 1770 ubique
1252 1717 1291 1750 oc-

179 1776 271 1828 currit:
294 1771 327 1826 cd
350 1770 484 1828 Λύκαιον.
518 1772 588 1823 Male
609 1773 777 1823 confunditur
796 1772 859 1823 olibi
881 1768 915 1825 τὸ
935 1767 1058 1824 Λύκειον
1078 1772 1249 1822 Athenarum:
1269 1779 1291 1817 ut

179 1863 236 1914 cup.
250 1847 269 1908 1,
289 1845 330 1897 16.
399 1843 553 1897 Scarnrine
568 1844 724 1892 Burmannus
744 1841 878 1909 reposuit,
902 1851 932 1892 ut
948 1852 1005 1894 erut
1022 1837 1050 1890 in
1065 1839 1200 1891 nonnullis
1213 1839 1291 1890 eiertz

178 1914 206 1964 in
222 1915 314 1980 fragm.
332 1911 418 1962 Varie.
440 1911 534 1962 Medic.
552 1923 578 1962 et
595 1911 653 1962 aliia
674 1913 811 1974 carmina,
839 1909 909 1980 quod
929 1911 1007 1978 vulgo
1031 1909 1128 1961 editur.
1163 1909 1292 1960 Proclivim

177 1983 266 2050 leprus
280 1981 308 2031 in
322 1979 373 2031 hoc
388 1997 419 2030 ex
434 1977 497 2043 illo,
517 1997 592 2048 quam
605 1980 662 2030 vice
676 1997 764 2040 veraa3
788 1973 984 2048 (commemorat
999 1979 1065 2030 hanc
1078 1977 1203 2030 lectionis
1217 1979 1292 2028 direr-

178 2051 280 2102 aitatem
291 2048 344 2099 iem
355 2047 549 2116 Philargyriua3
567 2051 690 2100 carmina
701 2058 787 2100 tamen
802 2049 879 2101 codd.
892 2049 1002 2099 Potuerii
1016 2065 1109 2099 omues
1123 2066 1180 2100 curu
1194 2059 1290 2115 unoque

124 2147 132 2154 =
177 2121 250 2188 Lipc.
285 2117 338 2169 Sed
351 2119 470 2169 carmine
491 2117 559 2170 bene
574 2118 880 2186 delenanmabllcynio.
903 2119 975 2184 Wr.)
1002 2120 1103 2169 mentia
1118 2118 1189 2168 idem
1201 2117 1293 2184 scripsit

179 2207 210 2240 ex
229 2186 353 2240 llottend.
371 2196 432 2237 tert.
450 2203 499 2254 pro
517 2199 631 2238 menter.
666 2188 780 2254 (menter
802 2187 880 2238 etiam
895 2185 1006 2248 Μειδίας
1030 2191 1133 2238 mentis
1153 2186 1222 2238 alter
1234 2187 1294 2254 Lipa

179 2263 288 2320 Cetera,
316 2273 370 2306 non
388 2269 510 2319 caetera,
534 2256 670 2308 veterrimi
692 2255 770 2318 libri,
798 2256 895 2307 Medic.
915 2257 990 2306 Rom.
1016 2257 1123 2322 Fragm.
1144 2257 1208 2308 Vnt.
1236 2257 1294 2319 W.)

176 2327 328 2446 dvolguthp
343 2324 413 2445 iiim
432 2343 464 2376 ex
482 2325 552 2378 Gud.
571 2334 599 2376 et
617 2321 724 2378 Mentel.
745 2334 807 2378 tert.
840 2337 908 2378 sunt
926 2326 1046 2397 vulgata
1064 2325 1188 2378 rmum
1208 2325 1295 2377 Bodlci.

179 2406 207 2448 et
220 2413 284 2448 unua
326 2412 384 2447 ea.

224 2592 251 2652 1.
267 2589 296 2653 2.
311 2587 398 2647 Nunc
412 2606 474 2648 rem
483 2585 718 2667 pecuariumag-
759 2585 833 2646 Mox
865 2587 959 2645 silvas
995 2607 1163 2666 anuwcqm
1195 2588 1295 2666 Lycmi

177 2673 304 2756 grediar.
346 2675 405 2734 Pro
427 2693 460 2732 ea
486 2673 601 2748 Palem,
631 2673 717 2732 deum
760 2680 906 2732 memorat
924 2693 980 2752 pro
1001 2672 1060 2730 deo
1090 2673 1239 2751 Lycaeum
1259 2683 1295 2728 te·

177 2759 381 2838 pastoriliam,
409 2769 440 2818 et
463 2759 630 2840 Apollinem
654 2759 717 2818 No·
759 2759 966 2833 nente,Pane;
989 2765 1020 2816 et
1036 2755 1293 2838 huncprorepa·

177 2845 287 2919 mium,
317 2855 348 2903 et
373 2846 536 2926 Lycaeum,
572 2843 717 2904 Arcadiae
760 2844 884 2902 sternia.
936 2847 965 2907 3.
995 2843 1166 2903 Pindarum
1189 2845 1292 2923 Oly-inp

176 2940 311 2988 montem
321 2929 394 2989 Pani
406 2951 523 2989 sacrum
532 2975 540 3004 ‚
561 2939 716 2990 memoret.
761 2928 826 2988 Ode
841 2929 869 2987 Il
884 2949 930 3010 pr.
952 2937 1021 2988 ente
1035 2929 1143 2988 oculos
1160 2927 1294 2993 habuisse,

98 3079 105 3096 κ
177 3013 367 3092 Amphrysus
386 3014 569 3090 Thessaliae,
598 3024 629 3074 et
649 3015 719 3094 qui·
762 3013 858 3072 Corda
878 3013 1022 3094 putabat;
1050 3013 1184 3074 debebat
1202 3016 1295 3074 salt·

178 3097 448 3176 dempnentorum,
464 3111 576 3160 notum
590 3097 719 3176 llumen3
760 3098 864 3158 Isthm.
882 3099 935 3158 Vll
954 3121 1001 3180 pr.
1025 3119 1219 3180 comparum
1251 3099 1297 3158 eid

177 3183 217 3241 ad
247 3184 329 3261 quod
349 3183 456 3265 Apollo
483 3186 576 3245 boves
602 3186 719 3263 pavisse
761 3193 792 3244 et
806 3184 962 3244 hocnimis
977 3183 1084 3243 sedulo
1098 3185 1196 3246 lieret
1216 3189 1297 3244 Com·

178 3268 297 3346 dicitur,
320 3291 389 3329 cum
403 3270 546 3347 Admeto,
568 3269 719 3329 Pheraeo-
760 3270 859 3330 munia
875 3271 954 3330 enim
970 3270 1022 3330 illa
1037 3280 1083 3328 eut
1097 3272 1177 3330 ratio
1192 3273 1296 3332 multo-

176 3375 245 3413 rum
269 3356 345 3434 regi,
375 3357 520 3432 serviret,
560 3352 717 3436 ἐθήτευσε.
759 3375 830 3414 rum
844 3365 1012 3434 poetarum,
1027 3357 1136 3415 utalia
1150 3358 1295 3437 adripue-

177 3439 240 3499 vid.
264 3441 365 3521 Enrip.
386 3441 494 3500 Alcest.
515 3461 561 3520 pr.
583 3440 718 3500 etCalli-
758 3451 845 3520 repta
872 3461 953 3516 esee,
983 3440 1039 3499 alia
1063 3443 1203 3521 vulgan'a
1234 3460 1295 3500 ure

177 3523 274 3584 much.
294 3527 326 3584 in
343 3526 440 3606 Apoll.
460 3527 502 3590 47
515 3546 578 3604 sqq.
608 3525 717 3585 Tibull.
759 3526 859 3584 omitti
875 3527 984 3586 dicent
1012 3525 1107 3604 Magio
1120 3538 1236 3588 certium
1249 3537 1294 3597 est,

177 3609 534 3687 [1‚3,11.111‚4,67.
578 3611 718 3669 Notasa-
759 3620 893 3670 nostrum
907 3612 1295 3688 muttosimitatoseascin

176 3695 256 3754 bula.
309 3697 460 3776 Expressit
482 3697 583 3754 locum
605 3697 716 3755 Lucan.
758 3697 863 3778 primis
883 3698 1040 3758 Manilium
1061 3697 1112 3758 lib.
1137 3699 1179 3760 111
1199 3721 1243 3779 pr.
1263 3699 1293 3756 cl

176 3779 233 3855 Vl,
255 3785 328 3846 368.
365 3785 475 3841 Pastor
492 3781 531 3840 ab
545 3781 717 3860 Amphryso
760 3781 856 3840 Aetna
882 3803 945 3863 pr.‚
960 3783 1013 3843 ubi
1034 3783 1099 3842 vid.
1113 3785 1293 3844 wernsdort

175 3884 232 3943 pro
245 3865 458 3947 Amphryeius,
480 3885 563 3926 more
575 3866 718 3943 loquendi
760 3867 888 3946 Oppiam.
904 3870 1046 3948 Cyneget.
1065 3889 1113 3950 pr.
1138 3871 1292 3930 nemesim

176 3950 277 4028 paullo
307 3951 452 4012 doctiore.
499 3953 611 4010 Graece
634 3951 718 4010 dice·
761 3954 867 4032 Cyneg.
887 3959 926 4020 15
938 3975 990 4032 eq„
1016 3953 1069 4013 ubi
1084 3957 1165 4016 oonl.
1181 3957 1292 4016 Titium.

176 4051 244 4092 ree:
273 4033 396 4116 Nopcdg
421 4031 651 4116 Ἀμφρύσηθεν.
681 4037 717 4095 ct.
765 4041 875 4096 Tenent
898 4053 1009 4097 nuncet
1033 4057 1083 4114 ee,
1119 4059 1198 4119 quae
1219 4041 1291 4100 dele·

178 4117 271 4196 Toup.
288 4121 340 4199 Ep.
356 4123 422 4182 crit.
432 4143 496 4202 pag.
511 4122 580 4186 165.
596 4117 651 4202 (sic
667 4141 718 4180 so·
761 4131 861 4198 etant,
896 4133 928 4182 e't
949 4122 1095 4204 exprimit
1121 4125 1181 4186 hoc
1203 4128 1290 4208 ipsun

175 4199 219 4260 let
230 4207 409 4282 praepositio
426 4229 447 4266 a
467 4207 715 4266 circumscriben—
758 4207 959 4268 delectationis
989 4201 1163 4270 natur-ems
1184 4235 1288 4271 raucum

127 4357 130 4364 ἢ
176 4285 216 4344 do
236 4287 382 4348 adiectivo
401 4291 560 4366 inservire
581 4289 643 4350 vid.
656 4292 715 4349 Be-
756 4303 855 4352 antem
869 4306 995 4368 mentes,
1020 4286 1288 4370 ammsrebnae

177 4369 259 4432 ckeri
278 4372 404 4448 Elegem
428 4379 519 4433 Rom.
545 4377 714 4455 pag.152.;
756 4377 863 4438 studiis
886 4379 1014 4454 severia,
1044 4391 1205 4456 vacantes,
1234 4381 1286 4439 sol-

177 4453 253 4513 adde
268 4463 370 4514 notatu
384 4457 423 4516 od
435 4461 496 4519 Ecl.
512 4461 535 4536 1,
554 4459 605 4526 54.
630 4461 682 4522 W
675 4457 712 4543 r.)
755 4463 843 4524 lenne
859 4463 896 4524 de
915 4463 966 4540 iis,
989 4465 1042 4544 qui
1058 4477 1213 4548 poetarum
1226 4487 1285 4526 cur-
