2784 4988
275 369 553 446 SECUNDAE
577 369 711 447 EDI'I.
738 372 965 448 LXXXVIII
1093 392 1189 448 nun

74 556 181 648 bere3
216 555 420 632 distinctio
444 557 554 632 enim
575 556 675 632 iusta
702 557 904 658 interponi
933 581 1016 632 non
1043 571 1188 658 potest,

75 661 134 734 nisi
148 660 423 736 enuntiatione
437 660 479 734 in
496 671 627 760 partes
643 683 731 735 suas
747 661 820 738 rite
839 661 1031 754 resoluta3
1058 663 1187 739 sinon

73 763 228 860 calamo,
260 763 404 840 saltem
418 776 557 838 mente
572 763 769 842 etanimo.
821 763 884 840 Ad
900 764 1188 866 interpunctio-

71 892 152 942 nem
165 869 302 968 itaque
320 868 498 968 primum
521 867 561 940 in
583 865 704 942 altera
722 868 880 944 minore
904 867 1079 947 editione
1101 895 1187 946 ma-

72 972 184 1047 iorem
200 995 342 1048 cruam
356 970 636 1069 adhibueram,
662 983 750 1046 tum
766 971 896 1048 multo
912 973 1036 1070 magis
1049 974 1089 1048 in
1113 972 1196 1050 hac.

70 1077 167 1150 tertia
183 1073 382 1151 adhibere
396 1073 539 1151 studui.

151 1183 203 1254 In
220 1179 398 1255 lectione
419 1174 611 1252 mutanda
634 1197 742 1251 nunc
761 1174 896 1277 paullo
912 1177 1004 1277 plus
1016 1178 1115 1254 mihi
1129 1181 1186 1254 in-

67 1279 173 1378 dulsi,
209 1307 335 1384 quam
361 1283 402 1356 in
430 1281 521 1359 edd.
544 1279 767 1382 prioribus;
801 1278 964 1356 frenum
987 1294 1123 1358 tamen
1146 1296 1188 1370 et

67 1384 119 1460 hic
136 1387 258 1462 inieci
288 1386 456 1486 impetui
482 1383 701 1460 rationibus
728 1385 843 1460 certis
872 1383 980 1484 apud
1008 1387 1187 1462 animum

66 1491 280 1590 propositis.
334 1493 507 1564 Possunt
535 1489 745 1565 innumera
775 1513 868 1564 curn
895 1489 1028 1588 specie
1056 1487 1186 1590 aliqua

65 1595 215 1686 mutari,
253 1617 381 1693 pauca
406 1617 499 1668 cum
517 1591 689 1686 ratione,
726 1617 828 1692 quae
847 1591 994 1689 vincat,
1020 1593 1074 1667 ita
1090 1592 1185 1667 scri-

65 1709 166 1796 ptum
183 1695 325 1774 fuisse:
351 1720 429 1772 nec
445 1707 599 1791 tamen,
626 1695 658 1769 si
674 1719 763 1770 acre
778 1693 966 1772 Iudicium
983 1694 1183 1792 adhibeas,

66 1799 127 1874 alia
145 1803 186 1876 in
205 1813 441 1876 contextum
452 1797 681 1898 recipienda
704 1822 789 1874 esse
809 1799 1011 1878 iudicabis
1057 1799 1183 1878 Pluri-

67 1929 120 1979 ma
137 1905 178 1979 in
199 1904 276 1979 hac
298 1904 452 1979 critices
477 1915 589 2002 parte
613 1915 723 1998 sunt,
757 1927 860 2003 quae
885 1901 935 1978 ad
959 1903 1105 2000 ingenii
1122 1902 1181 1978 lu-

65 2031 142 2082 sum
161 2032 355 2084 revocare
377 2005 512 2098 soleo;
539 2006 579 2080 in
594 2003 797 2107 plerisque
810 2030 863 2081 ne
885 2005 1050 2108 quidem
1071 2007 1183 2105 inge-

66 2113 210 2188 niosum
225 2112 330 2188 satis.
383 2115 504 2204 Nam,
531 2133 622 2184 cum
644 2110 723 2184 sint
744 2110 975 2206 innumera,
1001 2111 1182 2212 inprimis

66 2215 99 2288 in
114 2216 260 2314 poetis,
287 2215 330 2290 in
354 2213 499 2315 quibus
512 2224 705 2314 perpetua
722 2237 809 2290 esse
824 2213 950 2289 soleat
965 2215 1181 2315 scripturae

66 2321 232 2413 varietas,
260 2331 307 2394 ut
324 2319 459 2393 sensui
479 2330 614 2392 tamen
633 2341 776 2416 parum
801 2315 895 2392 inde
919 2341 991 2394 seu
1012 2317 1181 2394 decedat

65 2445 127 2497 sen
147 2421 327 2518 accedat,
364 2445 466 2522 quae
487 2419 652 2495 tandem
666 2419 751 2496 laus
773 2419 837 2496 illa
854 2445 939 2496 esse
956 2435 1109 2522 potest,
1135 2433 1182 2496 ut

67 2523 200 2627 ubique
219 2525 337 2600 nullo
363 2523 414 2600 ad
437 2523 673 2624 scriptorem
690 2521 824 2600 fructu
845 2548 921 2624 pro
940 2523 1064 2600 altero
1083 2521 1181 2599 alte-

70 2653 148 2703 rum
166 2628 376 2706 inculces?
408 2631 536 2704 Porro
570 2628 610 2702 in
637 2629 768 2728 poetis
792 2640 885 2702 sunt
917 2640 1022 2702 certa
1053 2625 1183 2727 phan-

66 2743 223 2828 tmmata,
243 2731 369 2808 verba
384 2730 590 2826 sollennia,
612 2756 634 2808 e
665 2730 786 2807 itheta
801 2730 1042 2826 communia,
1067 2753 1181 2830 quae,

69 2835 93 2908 si
123 2835 246 2912 semel
278 2835 479 2910 memoria
514 2757 742 2935 complexus
770 2834 845 2928 sis,
886 2845 1093 2934 promtum
1124 2845 1182 2908 est

68 2937 200 3042 ubique
219 2935 386 3030 afferre,
424 2951 464 3013 et
486 2937 580 3012 inde
595 2958 667 3012 seu
682 2935 973 3014 emendationis
995 2959 1066 3012 seu
1083 2959 1181 3012 con-

69 3039 248 3138 iecturae,
289 3039 496 3116 interdum
525 3039 641 3116 valde
676 3041 931 3138 ingeniosae,
970 3040 1180 3116 materiem

71 3167 255 3242 (praetere.
316 3144 427 3220 Aliae
469 3144 719 3219 coniecturae
750 3142 947 3244 proficisci
975 3144 1105 3220 solent
1134 3168 1180 3220 ex

71 3269 239 3324 semione
259 3249 441 3348 poetico,
475 3272 597 3348 quem
622 3249 711 3348 quis
734 3245 784 3322 ad
808 3270 993 3323 normam
1009 3247 1179 3323 aliorum

71 3353 260 3428 restituere
280 3349 434 3447 studet,
463 3363 530 3426 aut
556 3351 706 3426 auctori
729 3375 847 3428 suum
867 3375 1027 3428 morem
1049 3349 1179 3426 vindi-

73 3475 155 3533 care.
202 3453 401 3556 Pleraque
423 3479 470 3530 ex
490 3453 552 3528 his
576 3454 616 3528 in
641 3455 862 3551 marginem
887 3455 1013 3530 autin
1040 3453 1179 3529 lectio-

74 3579 151 3634 nem
176 3559 395 3634 variantem
424 3581 467 3632 ac
496 3557 670 3632 criticam
695 3558 860 3634 reiicere
887 3559 1004 3634 satius
1031 3570 1111 3634 est:
1137 3558 1178 3632 in

74 3675 280 3738 contextum
306 3661 406 3736 nihil
428 3659 747 3757 admittendum,
782 3661 856 3738 nisi
881 3659 993 3762 quod
1023 3673 1106 3736 tarn
1131 3659 1179 3736 li-

74 3763 179 3860 qnido
196 3778 375 3859 constet,
402 3777 448 3840 ut
469 3762 580 3840 nulla
602 3762 816 3861 dubitatio,
852 3763 1007 3842 nedum
1026 3763 1178 3844 cavilla-

74 3865 132 3962 ao,
155 3867 252 3944 illud
267 3866 485 3966 infringere
504 3867 638 3968 possit

156 3975 200 4048 In
224 3971 301 4047 alio
327 3973 481 4048 critices
501 3994 650 4069 genere
676 3969 852 4045 severior
868 3965 948 4064 sui,
983 3969 1025 4045 in
1048 3994 1098 4046 eo
1117 3971 1178 4046 in-

77 4093 192 4170 quam,
218 4073 330 4178 quod
354 4073 405 4152 ad
424 4075 558 4150 ulcera
581 4071 823 4172 detegenda,
850 4071 1049 4150 adversus
1066 4073 1177 4149 adul-

79 4177 201 4254 terinos
231 4191 271 4255 et
297 4179 609 4280 supposititios,
633 4189 801 4278 spectat:
848 4175 1177 4279 quandoquidem

81 4277 170 4356 nirnis
185 4281 299 4360 alieni
313 4283 365 4360 ab
380 4307 426 4358 ea
439 4282 662 4382 suspicione
679 4278 794 4356 suere
811 4278 994 4358 editores.
1045 4277 1178 4357 Erexit

83 4381 227 4464 tuimum
248 4385 440 4466 Brunclrii
460 4383 686 4480 auctoritas,
714 4383 782 4485 qui
802 4383 1046 4486 suspiciones
1058 4382 1176 4462 huius
