2710 4998
321 385 421 462 PER
440 383 615 464 ANNOS
640 391 865 470 DIGESTA
1062 419 1158 472 cxxv

65 574 111 640 642
127 577 180 634 Dis
188 578 287 652 genite
302 588 329 634 et
333 579 470 654 genitive
483 577 554 640 deos
558 602 573 651 ;
596 583 660 638 iura
673 585 776 652 omnia
791 581 870 643 belia
887 585 981 647 Gente
995 587 1050 650 sub
1060 591 1156 650 Assa-

63 663 176 740 recissis
188 674 309 720 ventura
324 661 460 721 resident.

122 747 165 806 ld
182 745 264 806 hunc
287 767 401 808 annum
419 749 551 807 Caesaris
571 749 608 808 de
627 749 753 830 imperio
775 753 952 833 deponendo
968 757 1072 820 liabita
1086 781 1154 824 cum

59 833 160 914 Agrippa
181 843 210 892 et
232 833 405 894 Maecenate
424 833 602 896 consultatio
618 837 759 915 pertinet.
776 839 838 900 vid.
851 841 906 900 Dio
919 844 969 903 LII
980 866 1026 924 pr.
1070 847 1154 921 Quas

59 921 153 998 Virgilio
174 939 207 976 ea
227 919 260 978 in
284 937 317 980 re
340 929 442 1000 partes
463 919 602 982 dederint
621 924 713 1003 inepti
727 925 940 1004 Grammatici,
959 931 1022 992 vid.
1037 931 1071 992 in
1091 935 1153 996 llo-

56 1004 148 1086 uatof.
161 1009 209 1070 78.

118 1093 178 1150 llos
196 1101 252 1151 sut
275 1089 428 1170 superiore
447 1111 544 1168 anno,
575 1101 657 1152 certe
673 1102 743 1152 ante
762 1095 865 1156 lanum
886 1099 1035 1178 clausurn,
1057 1102 1154 1166 Dacos

55 1187 116 1236 trans
141 1177 249 1238 Istrum
271 1197 342 1236 cum
360 1177 526 1256 Bastarnis,
555 1177 663 1239 llloesis
684 1188 714 1238 et
726 1179 789 1240 aliis
801 1183 919 1262 populis
933 1185 1011 1246 b'ello
1028 1189 1153 1250 adortus

53 1263 143 1322 mitt
158 1265 300 1340 Crassus,
323 1261 435 1341 deque
456 1263 647 1343 expeditione
660 1264 722 1326 vid.
741 1267 793 1326 Dio
806 1268 853 1344 Ll,
865 1273 917 1334 22.
931 1275 973 1334 23
982 1293 1045 1352 sqq.
1068 1277 1153 1336 Unde

52 1368 131 1408 rusus
144 1349 258 1428 Virgilii
276 1349 387 1408 ductus
401 1349 454 1408 Ge.
471 1349 509 1424 ll,
531 1348 595 1413 497
616 1363 671 1409 aut
688 1355 842 1412 coniurato
855 1355 1032 1416 descendens
1044 1362 1153 1420 Dacus

50 1433 159 1495 silaus.
188 1436 213 1493 Δ
233 1435 278 1494 Μ.
294 1434 426 1494 Antonio
449 1434 488 1492 ad
508 1435 680 1496 societatem
699 1445 730 1496 st
751 1439 862 1501 auxilia
890 1441 1015 1502 ferenda
1034 1447 1152 1524 pellecti

50 1519 142 1580 amns
159 1521 208 1580 isti
229 1521 354 1603 populi;
384 1539 444 1598 quo
458 1521 573 1580 lectum
588 1539 649 1580 esse
659 1522 795 1600 videtur,
817 1526 897 1585 utin
914 1526 988 1588 lines
1002 1530 1153 1593 Romanos

49 1605 136 1666 inlutis
155 1627 227 1667 mox
254 1608 348 1667 umis
363 1606 563 1667 incurrerent.
617 1608 816 1688 Triumphum
838 1611 875 1669 de
894 1611 931 1670 iis
952 1615 1010 1694 egit
1028 1619 1151 1680 Crassus

49 1689 155 1752 [lion
175 1693 234 1752 lul
257 1697 333 1756 726.
375 1691 434 1750 Pro
450 1692 537 1752 Dacis
562 1693 798 1772 magnificentius
824 1697 921 1758 visum
948 1703 1046 1780 poetis
1060 1705 1151 1764 Getas

47 1779 186 1838 muium:
208 1787 247 1838 ut
268 1778 343 1838 Aen.
365 1777 428 1852 VH,
450 1777 522 1854 604,
540 1777 593 1838 ubi
607 1779 669 1840 vid.
681 1779 751 1842 Not.
770 1781 875 1844 Horat.
889 1783 947 1846 od.
960 1787 1010 1864 lv,
1029 1791 1078 1865 15,
1092 1795 1147 1867 223

48 1863 369 1950 uquestiamScytlsas:
392 1863 578 1924 Carm.saec.
592 1864 643 1930 55.
1060 1866 1061 1874 ’

470 1995 516 2073 U.
544 1996 586 2074 C.
613 2003 700 2076 726.

164 2138 311 2212 caesar
335 2136 556 2208 Octavianam
578 2137 639 2214 VI.
692 2138 746 2212 Μ.
766 2140 942 2238 Agrippa
959 2145 1012 2222 ΙΙ.
1071 2171 1074 2178 ·

303 2284 338 2330 ι..
358 2257 396 2330 c.
413 2261 473 2332 ss.
533 2257 679 2354 regne
698 2259 749 2335 42
763 2265 878 2336 -4s.

105 2395 246 2476 Apollinis
265 2395 299 2456 in
316 2395 429 2454 Palatio
452 2394 598 2476 templum
621 2416 689 2456 cum
708 2391 888 2458 bibdotlseca
907 2399 1014 2462 Caesar
1023 2405 1147 2483 perfecit

42 2481 224 2542 eledicavit.
271 2481 374 2540 Ludos
394 2480 531 2542 Actiscos
560 2482 811 2560 quinquennales,
839 2495 965 2565 propter
990 2488 1147 2550 victoriam

41 2567 165 2628 luiscsm
175 2569 234 2628 iam
250 2577 324 2627 ante
339 2567 484 2642 decretos,
501 2587 571 2626 cum
582 2565 713 2650 Agrippa
728 2568 875 2632 exlubuit.
918 2571 1004 2631 Tunc
1017 2577 1147 2653 gymnici
1239 2575 1242 2582 ’

40 2673 133 2734 quoque
149 2655 215 2714 ludi
228 2655 294 2714 acti
305 2664 386 2714 sunt.
429 2653 485 2712 Dio
497 2653 569 2728 Llll,
587 2659 615 2718 1.

102 2741 159 2800 llos
174 2739 271 2800 ludos
287 2739 478 2800 adumbravit
492 2748 582 2819 poeta
599 2740 655 2798 sub
671 2739 726 2816 iis,
748 2761 824 2818 quos
842 2739 973 2800 Aeneam
996 2759 1083 2802 auum
1100 2745 1147 2802 sa-

38 2825 67 2884 u't
78 2829 226 2886 instituere
242 2827 320 2886 Aen.
341 2825 469 2902 111,280
489 2825 640 2904 Actiaque
661 2827 768 2885 Iliacis
780 2825 962 2885 celabmmus
982 2829 1109 2890 litteral
1129 2865 1147 2874 -

38 2913 79 2972 dis.
96 2915 238 2973 Exercent
256 2915 383 2992 patrias
406 2911 469 2969 oleo
482 2909 598 2969 labente
616 2911 791 2990 palaestras
805 2911 931 2970 Nudats'
943 2915 1026 2972 socii.

465 3045 511 3122 U.
540 3045 582 3121 G.
608 3051 695 3124 727.

139 3187 284 3259 caesar
305 3183 528 3258 Octavianus
548 3185 632 3257 VII.
683 3185 736 3258 M
754 3185 931 3281 Agrippa
947 3185 1022 3260 ΙΙΙ.

292 3330 327 3378 u.
354 3305 393 3378 C.
414 3310 476 3382 27.
534 3305 680 3400 Virgilii
694 3305 872 3381 43—44.

103 3425 213 3484 Caesar
227 3449 267 3486 ex
281 3438 352 3484 oms
364 3427 443 3484 diem
463 3427 556 3485 XVI
563 3425 639 3484 Kal.
656 3423 826 3500 Febmarii,
849 3429 992 3485 sententia
1006 3428 1047 3486 L.
1065 3429 1145 3486 Mu-

36 3512 95 3566 natii
105 3512 214 3570 Planci
224 3557 232 3586 ‚
263 3533 285 3569 a
297 3523 403 3570 senatu
418 3515 577 3590 caterisque
596 3509 711 3568 civilius
731 3508 882 3588 Augustus
899 3513 1074 3590 appellatus
1087 3525 1140 3586 est,

36 3611 80 3648 aa
92 3601 263 3674 septimum,
288 3609 316 3654 et
329 3599 381 3654 M.
401 3599 435 3657 V
432 3599 551 3675 ipsanio
565 3599 710 3674 Agrippa
723 3599 839 3656 tertium
852 3597 1038 3656 Consulibus.
1065 3598 1144 3655 Cen-

36 3679 130 3740 sorinus
147 3703 172 3742 c.
194 3687 250 3748 22.
272 3681 336 3741 vid.
355 3681 410 3742 Dio
429 3683 501 3756 Llll,
524 3686 562 3745 16
584 3681 684 3760 ibique
704 3681 820 3740 Fabric.
863 3676 984 3741 liomuli
1001 3702 1143 3742 nomena

37 3767 163 3830 nonnullis
177 3768 371 3850 propositum
381 3812 389 3842 ,
414 3776 445 3826 et
465 3768 502 3826 sb
520 3767 585 3845 ipso
608 3767 741 3848 Augusto
755 3787 934 3846 magnopere
954 3787 1015 3826 esse
1027 3770 1144 3850 oppeti-

37 3851 96 3924 lun,
115 3855 183 3914 satis
203 3863 338 3916 constat.
355 3853 417 3912 vid.
435 3853 490 3912 Dio
508 3852 580 3912 ibid.
599 3855 723 3912 Sueton.
744 3851 818 3933 Aug.
834 3857 863 3916 7.
906 3855 1010 3932 ltaque
1022 3873 1143 3916 versum

37 3931 119 4014 Georg.
137 3939 185 4015 lll,
211 3944 257 4004 27
275 3941 454 4018 autoresque
471 3959 558 3997 anna
582 3939 702 4016 Quirini
722 3935 794 4000 hinc
806 3939 1068 4018 interpretandum
1082 3960 1143 4000 esse

38 4019 182 4084 tuumne
202 4023 267 4086 viri
287 4023 385 4097 docti;
413 4023 538 4102 quodsi
560 4033 642 4084 recta
661 4025 812 4101 lacerent,
837 4025 889 4083 etsi
908 4025 997 4084 nimis
1012 4025 1084 4086 levis
1100 4036 1144 4085 est

39 4101 73 4162 lle
85 4111 218 4190 suspitio,
242 4119 364 4190 pateret
377 4128 416 4168 ex
431 4107 505 4184 hoc,
530 4109 674 4190 Georgica
686 4111 793 4182 serius,
813 4127 904 4188 quam
919 4109 982 4173 724
996 4109 1142 4188 absoluta,

39 4189 119 4254 filim
139 4197 221 4256 edita
243 4205 276 4254 et
295 4195 420 4274 vulgata
438 4195 536 4255 luisse.
578 4195 713 4273 Namque
733 4193 809 4252 illud
827 4193 1045 4256 nonnullorum
1058 4217 1143 4258 com·

41 4287 161 4356 emtum,
182 4283 220 4342 de
234 4281 375 4342 versibus
394 4280 489 4340 serius
503 4285 534 4338 et
547 4281 679 4340 secunde
700 4279 798 4357 aliqua
823 4280 996 4341 recensione
1012 4283 1142 4360 insertis,

40 4361 101 4434 quod
114 4367 187 4428 forte
199 4387 238 4428 ex
253 4367 377 4426 Donato
396 4361 429 4446 5.
442 4365 483 4430 50
497 4365 625 4446 petitum
639 4374 697 4440 est,
718 4385 780 4424 uon
793 4363 956 4426 admodum
971 4367 1142 4448 probamus.

41 4439 115 4510 lua
125 4453 220 4516 uiuus
233 4450 388 4514 lietduini
408 4451 523 4511 somnia
541 4471 597 4512 nos
610 4451 770 4528 tenebunt,
792 4469 862 4512 cum
875 4451 906 4512 iu
918 4453 1054 4532 reliquis,
1076 4463 1143 4514 tum
