2784 4988
618 1409 694 1470 EX

258 1587 1033 1705 PRAEFATIONE

75 1829 225 1906 ΤΟΜΙ
266 1833 552 1910 SECUNDI
586 1829 853 1908 EIUSDEM
887 1831 1213 1914 EDITIONIS

531 1985 764 2062 PRIMAE

424 2174 587 2228 Excust
621 2175 737 2228 ANNO
771 2173 882 2228 Lxx1

546 2407 756 2422 m

78 2559 188 2694 inter
202 2617 422 2716 virgiliani
437 2617 621 2694 carminis
634 2618 749 2695 dotes
767 2618 998 2719 praecipuas
1009 2623 1211 2694 doctrinam

75 2735 196 2820 pone
219 2737 267 2798 et
285 2728 464 2799 oermorm
472 2730 606 2822 poetici
616 2729 879 2822 prooemium
895 2743 964 2795 mc
977 2720 1140 2817 habere,
1167 2743 1213 2795 ex

79 2823 132 2920 iis,
157 2847 274 2928 quae
300 2824 490 2926 passima
511 2846 579 2900 mc
603 2825 705 2902 dicta
728 2837 839 2920 sunt,
870 2821 1108 2921 intelligitur.
1160 2826 1214 2902 Ut

81 2951 135 3002 eas
155 2927 310 3031 paullo
337 2929 553 3004 accuratius
574 2928 842 3023 declararem,
883 2925 1213 3030 quandoquidem

79 3033 263 3132 Virgilius
279 3033 314 3106 is
341 3045 479 3109 annor
500 3045 575 3128 cst,
600 3034 642 3110 in
660 3053 742 3136 qno
759 3029 941 3108 iuvenilis
954 3043 1058 3107 aetas
1078 3029 1212 3132 exqui-

81 3134 221 3214 sitieris
241 3135 453 3211 doctrinae
473 3130 580 3210 initia
603 3135 800 3212 imbibere
825 3133 946 3228 solet,
972 3148 1132 3236 praeter
1146 3157 1212 3210 ce-

81 3251 164 3317 lcra
187 3240 296 3316 boni
328 3239 555 3339 interpretis
588 3232 739 3336 officia,
771 3237 1025 3340 propositum
1048 3237 1148 3314 mihi
1170 3237 1211 3312 in

80 3343 397 3422 Commentariis
423 3339 688 3440 meminisse,
720 3343 800 3419 iam
825 3343 868 3417 in
889 3339 1136 3442 praefatione
1160 3340 1211 3416 ad

81 3451 264 3548 priorem
279 3451 459 3522 Tomum
473 3444 676 3548 professus
687 3469 805 3525 sums
841 3449 971 3540 Quam
988 3469 1155 3546 operam
1166 3444 1211 3519 iis

81 3553 257 3628 maxime
272 3563 475 3650 praestare
491 3549 620 3646 volui,
648 3551 715 3652 qni
730 3541 866 3625 nonin
887 3571 938 3625 eo
957 3548 1212 3649 acquiescen-

83 3655 181 3732 dum
202 3653 280 3730 sibi
307 3674 394 3730 esse
416 3665 575 3754 putant,
609 3665 655 3728 ut
676 3654 860 3730 universe
880 3651 955 3728 sibi
973 3651 1129 3730 dictum
1142 3673 1211 3726 au-

84 3759 215 3854 diant,
242 3779 438 3856 magnum
452 3781 497 3832 ac
512 3756 678 3834 doctum
689 3780 774 3834 esse
790 3767 973 3858 poetam;
999 3755 1040 3833 in
1054 3777 1136 3856 qno
1151 3767 1212 3829 ta-
1243 3829 1246 3836 Δ

84 3887 179 3938 men
197 3861 351 3960 ingenii
372 3859 438 3936 illa
457 3859 515 3935 vis
531 3885 575 3936 ac
591 3861 792 3936 doctrinae
814 3859 928 3959 copia
943 3858 1212 3960 orationisque

86 3965 313 4066 pulcritudo
348 3961 478 4064 posita
505 3965 578 4058 sit,
620 3985 706 4039 non
737 3973 1003 4063 assequantur.
1062 3959 1213 4038 Accidit

5 4102 13 4153 i
88 4069 178 4145 mibi
210 4071 285 4170 ipsi
308 4065 488 4167 saepius,
531 4067 643 4168 quod
664 4079 705 4144 et
724 4065 805 4142 aliis
826 4065 986 4141 evenire
1011 4064 1132 4160 solet,
1166 4075 1212 4138 ut

91 4171 189 4250 bunc
211 4169 276 4250 vel
300 4171 419 4248 illum
442 4169 578 4246 locum
600 4171 682 4246 sive
703 4167 885 4244 audirem
904 4167 985 4244 sive
1002 4170 1085 4270 ipse
1104 4167 1212 4242 bene

91 4279 269 4356 sentirem
303 4299 395 4353 esse
427 4273 658 4372 sublimem,
699 4268 974 4369 magnificum,
1015 4269 1211 4358 divinnm;

95 4379 299 4462 dictionem
334 4375 609 4482 praeclaram,
641 4375 866 4480 poeticam;
908 4385 954 4450 ut
976 4385 1111 4450 tamen
1135 4396 1212 4448 nec
