2784 4988
334 399 608 473 PHILIPPI
634 400 937 476 WAGNERI.
1134 425 1202 476 xxr

82 588 269 674 tetam.
312 587 513 673 Leviora
535 589 757 701 quaedam
777 618 834 672 ne
860 589 981 704 attigi
1003 588 1200 701 quidem,

80 735 166 812 nec,
196 708 240 790 si
270 735 372 790 non
400 707 535 823 plane
566 707 821 822 expeditam
851 708 1067 791 haberem
1096 737 1201 792 sen-

80 824 278 930 tentiam,
329 853 512 908 movere
552 825 799 938 quidquam
836 825 968 908 volui.
999 874 1059 886 —
1108 825 1200 923 Ex7

80 970 226 1027 cursus
245 941 413 1056 Heynii
437 943 562 1028 nulla
578 973 625 1026 re
646 944 775 1048 auxi,
806 959 984 1060 praeter
1003 943 1198 1059 primum

77 1059 127 1144 ad
149 1056 317 1174 Georg.
339 1061 417 1143 lib.
437 1061 468 1144 l.
517 1059 724 1145 Poteram
754 1062 829 1145 hic
856 1061 947 1143 illic
979 1061 1199 1175 quasdam

75 1175 341 1293 adspergere
371 1179 570 1283 notulas,
607 1179 733 1263 haud
762 1207 978 1294 magnum
1006 1181 1200 1262 fructum

72 1295 331 1394 habituras,
363 1325 526 1408 quum,
558 1297 636 1408 qui
665 1297 733 1379 hic
759 1295 1034 1384 Excursibus
1064 1313 1198 1380 utun-

71 1431 157 1516 tur,
200 1439 357 1496 meam
395 1438 579 1532 operam
604 1413 948 1498 desideraturos
979 1443 1073 1496 non
1104 1413 1199 1496 exi-

70 1531 314 1614 stimarem.
363 1525 574 1614 Omnino
600 1533 676 1614 otii
700 1532 896 1616 defectus
926 1559 1083 1646 passus
1106 1559 1199 1614 non

69 1665 129 1730 est
160 1649 245 1730 alii
270 1677 343 1731 me
376 1649 465 1752 rei,
497 1663 634 1760 quam
653 1650 759 1764 ipsis
782 1649 957 1766 Virgilii
987 1647 1198 1733 carmini-
1239 1657 1241 1660 ’

69 1766 173 1872 bus,
208 1765 438 1874 intentum
467 1766 636 1849 habere
668 1768 882 1852 animum.

181 1879 349 1968 Gratus
371 1901 524 1967 autem
543 1883 765 1999 profiteor,
787 1885 893 1968 etin
914 1881 1194 1968 emendando

65 2016 106 2082 et
134 2001 187 2084 in
220 2001 480 2086 enarrando
511 2007 805 2119 poeta'saepe
832 2029 884 2102 ac
908 2003 1099 2084 multum
1122 2029 1194 2084 me
1279 2065 1283 2072 .

65 2119 273 2202 adintmn
307 2147 405 2203 esse
437 2119 591 2225 abiis,
623 2120 702 2230 qui
729 2121 891 2204 nostris
921 2118 1194 2234 temporibus

71 2235 108 2316 in
132 2263 191 2320 ea
215 2265 269 2320 re
302 2237 504 2320 studium
534 2255 778 2353 posuerunt
802 2265 947 2321 suum.
1008 2235 1043 2319 E
1069 2236 1193 2350 largo

70 2349 320 2438 Vossianae
345 2351 663 2438 Bucolicorum
696 2373 737 2440 et
759 2353 1081 2470 Georgicorum
1102 2353 1195 2435 edi-

71 2471 198 2556 tionis
217 2501 345 2586 penu
368 2487 497 2555 erunt
517 2473 701 2556 sortasse
720 2474 797 2585 qui
814 2475 944 2588 plura
963 2470 1195 2586 depromta

72 2589 227 2694 retium
263 2589 461 2674 sednon
494 2589 747 2706 patiebatur
775 2592 873 2706 ipsa
904 2590 1051 2704 operis
1082 2587 1193 2672 ratio
1285 2675 1287 2680 ,

72 2707 392 2818 condicioquc‚
431 2724 558 2790 notas
589 2709 682 2791 iam
712 2709 844 2792 nimis
877 2706 1049 2820 amplas
1078 2705 1205 2798 ultra

71 2825 255 2938 modum
290 2825 457 2939 augeri.
506 2823 640 2908 Notas
660 2819 1103 2925 Wunderlichii‚
1137 2818 1196 2902 ad

62 2941 482 3080 interpretationem
495 2945 585 3025 sere
595 2960 858 3058 spectantes,
868 2964 1077 3050 magnam
1091 2963 1196 3050 par-

62 3077 151 3144 tem
178 3077 381 3172 integras
406 3060 514 3143 huic
537 3059 721 3144 editioni
742 3058 896 3164 intuli3
927 3053 1196 3140 Brunckii
1240 3091 1245 3102 ·

65 3175 372 3289 Iahniique
413 3179 651 3262 nonnullas
701 3193 943 3291 excerptas.
1020 3171 1196 3256 Profuit

65 3296 201 3380 etiam
230 3293 309 3379 Fr.
341 3293 591 3377 Iacobsii
632 3322 767 3411 opera
805 3294 993 3408 diligens
1024 3291 1072 3372 in
1101 3289 1195 3373 Vo-

65 3411 171 3498 lum.
198 3412 255 3496 II.
293 3409 425 3516 libri,
467 3412 543 3495 cui
578 3413 756 3495 titulum
793 3411 897 3495 fecit
926 3407 1196 3492 Blumenlese

66 3531 136 3614 der
156 3537 321 3617 licem*
338 3529 541 3634 Dichter,
574 3532 802 3614 collocata.
855 3526 1085 3612 Eximium
1113 3549 1195 3605 au-

66 3667 152 3734 tem
177 3661 500 3732 ornamentum
521 3647 627 3732 huic
649 3646 833 3731 editioni
857 3642 1107 3756 quaesitum
1131 3656 1195 3723 est

69 3795 120 3852 ex
137 3765 322 3850 ineditis
341 3765 412 3879 Sp
423 3765 592 3870 ohnii‚
622 3778 695 3847 τοῦ
712 3767 942 3870 μακαρίτου,
965 3785 1205 3842 commen->

68 3885 196 3970 tariis.
265 3883 308 3966 ls
340 3879 563 3966 Bucolica
594 3910 620 3965 a
650 3909 697 3964 se
738 3893 937 3966 correcta
975 3891 1016 3958 ct
1039 3875 1195 3990 ‘expli-
1293 3947 1300 3970 ,

73 4024 162 4090 rata
192 4001 331 4088 edere
370 3997 499 4115 apud
521 3999 721 4112 animum
741 4023 877 4080 suum
897 3992 1194 4076 constituerat.

77 4123 150 4208 Sed
180 4139 438 4232 antequam
478 4115 752 4232 propositum
780 4110 1034 4228 perficeret,
1074 4109 1196 4190 diem

79 4241 164 4328 obiit
191 4259 488 4359 supremum.
547 4235 715 4317 Auctor
746 4229 878 4343 igitur
905 4227 974 4311 fui
1000 4225 1195 4309 Redem-

78 4363 154 4468 ton‘,
184 4359 390 4446 adrem
425 4349 784 4435 contrahendam
808 4343 1114 4460 paratissimo,
1142 4357 1193 4426 ut
