2730 5016
171 369 247 448 592
323 363 1052 458 P.v1RG.MAR.GEORG.L1n.ffl,
1079 369 1156 444 seo

171 558 375 654 Tempore
394 563 596 626 contactos
614 563 719 625 artus
735 575 845 626 sacer
861 551 960 648 ignis
978 550 1133 630 edebat.

203 729 255 782 566
273 739 429 778 contractor
448 723 569 792 vulgares
588 725 726 777 nonnullae
746 724 820 788 edd„
846 725 926 776 etiam
949 721 1026 778 codd.
1062 740 1210 780 contactos
1224 747 1299 780 sacer

174 809 256 848 artus
269 798 346 848 Rom.
381 815 441 846 cum
452 807 541 848 tactos
555 795 635 846 Goth.
650 813 690 863 pr.

167 937 288 1018 proprie
305 957 367 1009 res,
394 955 470 1014 quae
484 943 706 1010 concrematur,
750 935 816 994 loeo
833 936 919 1014 plena
933 939 1142 998 ostentationis
1159 937 1298 1017 disputa-

169 1043 313 1101 quorsum
336 1023 468 1102 pertinet
493 1021 593 1080 similis
616 1021 707 1094 locus,
751 1020 792 1078 tio
802 1021 869 1080 Itali
881 1021 1037 1082 cuiusdam
1050 1025 1084 1084 in
1100 1025 1175 1083 edit
1183 1025 1298 1104 Virgilii

169 1127 257 1187 quem
280 1107 413 1166 Guellius
430 1105 480 1166 hic
499 1113 709 1166 commemorat
751 1105 951 1186 Ambrogiana
967 1109 1000 1166 T.
1015 1109 1038 1184 l,
1053 1131 1085 1188 p.
1095 1111 1171 1169 LllI.
1193 1111 1299 1172 Metius

147 1193 349 1252 ,eNieandro
366 1192 595 1256 Tl1e1·iac.v.37
610 1192 647 1250 de
662 1191 707 1250 la·
751 1192 834 1250 tradi
854 1193 1013 1268 nonnulla,
1050 1197 1109 1254 alia
1140 1217 1299 1278 perperam

169 1280 239 1360 pide
251 1279 382 1359 gangite:
413 1275 454 1358 ἣν
466 1273 539 1341 slot
555 1283 709 1354 κρατεροῖο
753 1279 879 1356 exponi,
902 1279 1032 1339 addimus
1045 1302 1063 1340 a
1078 1283 1208 1343 Pauleto
1225 1282 1299 1364 (Re-

169 1362 485 1446 πυρὸςπερικαίνυται
508 1359 596 1443 ὁρμή.
630 1363 709 1422 Vera
751 1362 890 1422 chaman
908 1387 961 1422 sur
979 1366 1022 1422 les
1047 1370 1297 1448 Maladies'epi-

169 1451 315 1510 sententia
328 1450 429 1510 statim
445 1451 475 1508 in
488 1450 588 1510 oculos
602 1448 709 1508 incur-
751 1453 900 1528 zootiqnes
919 1451 953 1508 T.
972 1450 995 1526 l,
1016 1473 1046 1531 p.
1061 1453 1107 1516 44
1119 1453 1221 1536 sqq.)‚
1252 1457 1300 1535 qui

169 1537 227 1611 rit,
249 1537 339 1596 modo
362 1537 427 1614 quis
447 1536 580 1594 animum
597 1535 708 1594 adver·
751 1534 789 1593 ad
806 1533 902 1614 ignem
925 1555 1058 1613 sacrum,
1097 1559 1153 1598 seu
1168 1543 1300 1621 erysipe-

170 1631 225 1681 tat.
270 1620 342 1703 (Sed
357 1622 540 1681 salsissimam
553 1641 614 1679 esse
629 1619 709 1679 hanc
750 1619 794 1678 las
815 1639 924 1700 vagum
945 1621 1054 1682 ardena
1076 1634 1108 1682 et
1129 1627 1299 1704 malignum,

169 1707 278 1787 Heynii
291 1708 584 1791 interpretationem,
606 1726 710 1766 veram
753 1706 835 1784 quod
846 1707 948 1766 statim
959 1707 991 1766 in
1008 1729 1216 1788 gangraenam
1232 1714 1298 1788 abit,

170 1803 269 1852 autem
298 1794 393 1852 Servii
414 1793 600 1867 habendam,
630 1801 711 1851 totus
754 1791 912 1870 pleraque,
935 1813 1012 1870 quae
1025 1806 1216 1874 narramur,
1237 1819 1298 1880 spe-

169 1879 253 1938 locus
270 1879 386 1938 clamat
404 1876 493 1957 Wr.)
538 1879 590 1937 Est
605 1877 642 1937 de
652 1877 712 1937 hoc
755 1885 838 1936 ctare
855 1887 953 1957 putat.
