<?xml version="1.0" encoding="UTF-8"?>
<!DOCTYPE html PUBLIC "-//W3C//DTD XHTML 1.0 Transitional//EN"
    "http://www.w3.org/TR/xhtml1/DTD/xhtml1-transitional.dtd">
<html xmlns="http://www.w3.org/1999/xhtml" xml:lang="en" lang="en">
 <head>
  <title>
</title>
<meta http-equiv="Content-Type" content="text/html;charset=utf-8" />
  <meta name='ocr-system' content='tesseract 3.04.00' />
  <meta name='ocr-capabilities' content='ocr_page ocr_carea ocr_par ocr_line ocrx_word'/>
</head>
<body>
  <div class='ocr_page' id='page_1' title='image "./publiusvirgiliu00virggoog/publiusvirgiliu00virggoog_0588.png"; bbox 0 0 2652 5032; ppageno 0'>
   <div class='ocr_carea' id='block_1_1' title="bbox 188 347 1240 447">
    <p class='ocr_par' dir='ltr' id='par_1_1' title="bbox 188 347 1240 447">
     <span class='ocr_line' id='line_1_1' title="bbox 188 347 1240 447; baseline 0.005 -21"><span class='ocrx_word' id='word_1_1' title='bbox 188 347 547 428; x_wconf 75' lang='lat' dir='ltr'><strong>cnoucmon</strong></span> <span class='ocrx_word' id='word_1_2' title='bbox 570 349 676 428; x_wconf 78' lang='lat' dir='ltr'><strong>aru.</strong></span> <span class='ocrx_word' id='word_1_3' title='bbox 704 349 754 447; x_wconf 71' lang='lat' dir='ltr'><strong>lt</strong></span> <span class='ocrx_word' id='word_1_4' title='bbox 781 352 1000 430; x_wconf 76' lang='lat' dir='ltr'><strong>ser-ets</strong></span> <span class='ocrx_word' id='word_1_5' title='bbox 1077 353 1154 430; x_wconf 78' lang='lat'><strong>465</strong></span> <span class='ocrx_word' id='word_1_6' title='bbox 1233 403 1240 415; x_wconf 85' lang='lat'><strong>.</strong></span> 
     </span>
    </p>
   </div>
   <div class='ocr_carea' id='block_1_2' title="bbox 52 531 1151 944">
    <p class='ocr_par' dir='ltr' id='par_1_2' title="bbox 52 531 926 638">
     <span class='ocr_line' id='line_1_2' title="bbox 52 531 926 638; baseline 0.006 -26"><span class='ocrx_word' id='word_1_7' title='bbox 52 535 301 638; x_wconf 81' lang='lat' dir='ltr'><strong>inmissaeque</strong></span> <span class='ocrx_word' id='word_1_8' title='bbox 318 531 429 610; x_wconf 82' lang='lat' dir='ltr'><strong>ferae</strong></span> <span class='ocrx_word' id='word_1_9' title='bbox 445 533 569 630; x_wconf 86' lang='lat' dir='ltr'><strong>silvis,</strong></span> <span class='ocrx_word' id='word_1_10' title='bbox 597 547 637 611; x_wconf 91' lang='lat' dir='ltr'><strong>et</strong></span> <span class='ocrx_word' id='word_1_11' title='bbox 653 533 781 612; x_wconf 88' lang='lat' dir='ltr'><strong>sidera</strong></span> <span class='ocrx_word' id='word_1_12' title='bbox 800 536 926 618; x_wconf 78' lang='lat' dir='ltr'><strong>coelo,</strong></span> 
     </span>
    </p>

    <p class='ocr_par' dir='ltr' id='par_1_3' title="bbox 52 637 1088 845">
     <span class='ocr_line' id='line_1_3' title="bbox 52 637 1088 739; baseline 0.002 -23"><span class='ocrx_word' id='word_1_13' title='bbox 52 645 119 716; x_wconf 87' lang='lat' dir='ltr'><strong>Nec</strong></span> <span class='ocrx_word' id='word_1_14' title='bbox 134 663 195 714; x_wconf 92' lang='lat' dir='ltr'><strong>res</strong></span> <span class='ocrx_word' id='word_1_15' title='bbox 210 637 319 714; x_wconf 90' lang='lat' dir='ltr'><strong>hunc</strong></span> <span class='ocrx_word' id='word_1_16' title='bbox 335 650 497 714; x_wconf 77' lang='lat' dir='ltr'>tenerae</span> <span class='ocrx_word' id='word_1_17' title='bbox 512 651 678 738; x_wconf 83' lang='lat' dir='ltr'><strong>possent</strong></span> <span class='ocrx_word' id='word_1_18' title='bbox 692 637 873 739; x_wconf 87' lang='lat' dir='ltr'><strong>perferre</strong></span> <span class='ocrx_word' id='word_1_19' title='bbox 888 637 1088 738; x_wconf 84' lang='lat' dir='ltr'><strong>laborem,</strong></span> 
     </span>
     <span class='ocr_line' id='line_1_4' title="bbox 54 739 1018 845; baseline 0.005 -28"><span class='ocrx_word' id='word_1_20' title='bbox 54 742 175 817; x_wconf 85' lang='lat' dir='ltr'><strong>sinon</strong></span> <span class='ocrx_word' id='word_1_21' title='bbox 193 753 299 816; x_wconf 81' lang='lat' dir='ltr'><strong>tauto</strong></span> <span class='ocrx_word' id='word_1_22' title='bbox 318 740 431 841; x_wconf 84' lang='lat' dir='ltr'><strong>quies</strong></span> <span class='ocrx_word' id='word_1_23' title='bbox 449 742 524 816; x_wconf 91' lang='lat' dir='ltr'><strong>iret</strong></span> <span class='ocrx_word' id='word_1_24' title='bbox 540 739 674 838; x_wconf 18' lang='lat' dir='ltr'><strong>frigus*</strong></span> <span class='ocrx_word' id='word_1_25' title='bbox 722 766 744 818; x_wconf 90' lang='lat' dir='ltr'><strong>e</strong></span> <span class='ocrx_word' id='word_1_26' title='bbox 764 743 1018 845; x_wconf 81' lang='lat' dir='ltr'><strong>caloremque</strong></span> 
     </span>
    </p>

    <p class='ocr_par' dir='ltr' id='par_1_4' title="bbox 52 843 1151 944">
     <span class='ocr_line' id='line_1_5' title="bbox 52 843 1151 944; baseline 0.003 -24"><span class='ocrx_word' id='word_1_27' title='bbox 52 849 158 942; x_wconf 85' lang='lat' dir='ltr'><strong>luter,</strong></span> <span class='ocrx_word' id='word_1_28' title='bbox 185 857 225 920; x_wconf 92' lang='lat' dir='ltr'><strong>et</strong></span> <span class='ocrx_word' id='word_1_29' title='bbox 241 843 438 944; x_wconf 84' lang='lat' dir='ltr'><strong>exciperet</strong></span> <span class='ocrx_word' id='word_1_30' title='bbox 455 843 556 920; x_wconf 88' lang='lat' dir='ltr'><strong>coeli</strong></span> <span class='ocrx_word' id='word_1_31' title='bbox 574 843 643 920; x_wconf 92' lang='lat' dir='ltr'><strong>ind</strong></span> <span class='ocrx_word' id='word_1_32' title='bbox 686 845 817 943; x_wconf 83' lang='lat' dir='ltr'><strong>gentia</strong></span> <span class='ocrx_word' id='word_1_33' title='bbox 833 860 966 927; x_wconf 86' lang='lat' dir='ltr'><strong>terras.</strong></span> <span class='ocrx_word' id='word_1_34' title='bbox 1075 848 1151 926; x_wconf 82' lang='grc'><strong>846</strong></span> 
     </span>
    </p>
   </div>
   <div class='ocr_carea' id='block_1_3' title="bbox 51 1013 1152 1157">
    <p class='ocr_par' dir='ltr' id='par_1_5' title="bbox 51 1013 1152 1157">
     <span class='ocr_line' id='line_1_6' title="bbox 77 1013 1152 1138; baseline 0.002 -70"><span class='ocrx_word' id='word_1_35' title='bbox 77 1013 121 1098; x_wconf 63' lang='grc'><strong>818</strong></span> <span class='ocrx_word' id='word_1_36' title='bbox 136 1015 354 1100; x_wconf 58' lang='lat' dir='ltr'><strong>eoff&#39;errelleflip.</strong></span> <span class='ocrx_word' id='word_1_37' title='bbox 369 1035 384 1070; x_wconf 87' lang='lat' dir='ltr'><strong>a</strong></span> <span class='ocrx_word' id='word_1_38' title='bbox 397 1035 431 1070; x_wconf 88' lang='lat' dir='ltr'><strong>m.</strong></span> <span class='ocrx_word' id='word_1_39' title='bbox 447 1035 496 1100; x_wconf 59' lang='lat' dir='ltr'><strong>pn,</strong></span> <span class='ocrx_word' id='word_1_40' title='bbox 515 1018 586 1100; x_wconf 74' lang='lat' dir='ltr'><strong>quod</strong></span> <span class='ocrx_word' id='word_1_41' title='bbox 601 1019 763 1102; x_wconf 68' lang='lat' dir='ltr'><strong>commendet</strong></span> <span class='ocrx_word' id='word_1_42' title='bbox 775 1019 865 1102; x_wconf 76' lang='lat' dir='ltr'><strong>Heius.</strong></span> <span class='ocrx_word' id='word_1_43' title='bbox 883 1020 1011 1090; x_wconf 68' lang='lat' dir='ltr'><strong>(sufficie</strong></span> <span class='ocrx_word' id='word_1_44' title='bbox 1025 1029 1065 1071; x_wconf 84' lang='lat' dir='ltr'><strong>est</strong></span> <span class='ocrx_word' id='word_1_45' title='bbox 1073 1019 1152 1138; x_wconf 78' lang='lat' dir='ltr'><strong>prior</strong></span> 
     </span>
     <span class='ocr_line' id='line_1_7' title="bbox 51 1085 1151 1157; baseline 0.004 -21"><span class='ocrx_word' id='word_1_46' title='bbox 51 1085 230 1150; x_wconf 82' lang='lat' dir='ltr'><strong>lecquedic.;</strong></span> <span class='ocrx_word' id='word_1_47' title='bbox 249 1085 411 1140; x_wconf 76' lang='lat' dir='ltr'><strong>obsibilabst</strong></span> <span class='ocrx_word' id='word_1_48' title='bbox 429 1087 530 1140; x_wconf 76' lang='lat' dir='ltr'><strong>scilieet</strong></span> <span class='ocrx_word' id='word_1_49' title='bbox 549 1087 650 1139; x_wconf 79' lang='lat' dir='ltr'><strong>libram</strong></span> <span class='ocrx_word' id='word_1_50' title='bbox 670 1089 774 1142; x_wconf 76' lang='lat' dir='ltr'><strong>auribus</strong></span> <span class='ocrx_word' id='word_1_51' title='bbox 790 1089 869 1141; x_wconf 78' lang='lat' dir='ltr'><strong>litero</strong></span> <span class='ocrx_word' id='word_1_52' title='bbox 889 1108 904 1142; x_wconf 84' lang='lat' dir='ltr'><strong>s</strong></span> <span class='ocrx_word' id='word_1_53' title='bbox 925 1109 956 1142; x_wconf 79' lang='lat' dir='ltr'><strong>ex</strong></span> <span class='ocrx_word' id='word_1_54' title='bbox 977 1106 1072 1157; x_wconf 84' lang='lat' dir='ltr'><strong>praece</strong></span> <span class='ocrx_word' id='word_1_55' title='bbox 1092 1099 1151 1140; x_wconf 83' lang='lat' dir='ltr'><strong>ente</strong></span> 
     </span>
    </p>
   </div>
   <div class='ocr_carea' id='block_1_4' title="bbox 24 1155 1152 1924">
    <p class='ocr_par' dir='ltr' id='par_1_6' title="bbox 24 1155 1152 1924">
     <span class='ocr_line' id='line_1_8' title="bbox 51 1155 1151 1236; baseline 0.002 -30"><span class='ocrx_word' id='word_1_56' title='bbox 51 1155 118 1206; x_wconf 79' lang='lat' dir='ltr'><strong>serbo</strong></span> <span class='ocrx_word' id='word_1_57' title='bbox 127 1167 251 1236; x_wconf 80' lang='lat' dir='ltr'><strong>possent3</strong></span> <span class='ocrx_word' id='word_1_58' title='bbox 297 1173 346 1208; x_wconf 88' lang='lat' dir='ltr'><strong>uae</strong></span> <span class='ocrx_word' id='word_1_59' title='bbox 359 1174 401 1208; x_wconf 87' lang='lat' dir='ltr'><strong>res</strong></span> <span class='ocrx_word' id='word_1_60' title='bbox 416 1156 468 1208; x_wconf 86' lang='lat' dir='ltr'><strong>dici</strong></span> <span class='ocrx_word' id='word_1_61' title='bbox 484 1157 526 1208; x_wconf 84' lang='lat' dir='ltr'><strong>vix</strong></span> <span class='ocrx_word' id='word_1_62' title='bbox 559 1167 628 1209; x_wconf 83' lang='lat' dir='ltr'><strong>otest</strong></span> <span class='ocrx_word' id='word_1_63' title='bbox 639 1167 704 1228; x_wconf 89' lang='lat' dir='ltr'><strong>quot</strong></span> <span class='ocrx_word' id='word_1_64' title='bbox 724 1175 826 1211; x_wconf 86' lang='lat' dir='ltr'><strong>errores</strong></span> <span class='ocrx_word' id='word_1_65' title='bbox 840 1159 983 1230; x_wconf 75' lang='lat' dir='ltr'><strong>pepererit.</strong></span> <span class='ocrx_word' id='word_1_66' title='bbox 1017 1160 1050 1210; x_wconf 84' lang='lat' dir='ltr'><strong>Et</strong></span> <span class='ocrx_word' id='word_1_67' title='bbox 1063 1157 1151 1226; x_wconf 79' lang='lat' dir='ltr'><strong>lapsus</strong></span> 
     </span>
     <span class='ocr_line' id='line_1_9' title="bbox 50 1173 1152 1299; baseline 0.001 -24"><span class='ocrx_word' id='word_1_68' title='bbox 50 1223 167 1292; x_wconf 80' lang='lat' dir='ltr'><strong>proclins3</strong></span> <span class='ocrx_word' id='word_1_69' title='bbox 190 1223 229 1277; x_wconf 88' lang='lat' dir='ltr'><strong>sic</strong></span> <span class='ocrx_word' id='word_1_70' title='bbox 246 1175 341 1277; x_wconf 71' lang='lat' dir='ltr'><strong>collem</strong></span> <span class='ocrx_word' id='word_1_71' title='bbox 360 1243 436 1278; x_wconf 83' lang='lat' dir='ltr'><strong>versu</strong></span> <span class='ocrx_word' id='word_1_72' title='bbox 455 1226 483 1278; x_wconf 88' lang='lat' dir='ltr'><strong>iu</strong></span> <span class='ocrx_word' id='word_1_73' title='bbox 502 1173 594 1278; x_wconf 65' lang='lat' dir='ltr'><strong>colem</strong></span> <span class='ocrx_word' id='word_1_74' title='bbox 616 1227 675 1279; x_wconf 87' lang='lat' dir='ltr'><strong>cod.</strong></span> <span class='ocrx_word' id='word_1_75' title='bbox 689 1227 749 1280; x_wconf 79' lang='lat' dir='ltr'><strong>Nec</strong></span> <span class='ocrx_word' id='word_1_76' title='bbox 765 1247 811 1279; x_wconf 83' lang='lat' dir='ltr'><strong>ree</strong></span> <span class='ocrx_word' id='word_1_77' title='bbox 826 1247 842 1280; x_wconf 91' lang='lat' dir='ltr'><strong>a</strong></span> <span class='ocrx_word' id='word_1_78' title='bbox 854 1246 888 1280; x_wconf 86' lang='lat' dir='ltr'><strong>m.</strong></span> <span class='ocrx_word' id='word_1_79' title='bbox 907 1247 948 1299; x_wconf 90' lang='lat' dir='ltr'><strong>pr.</strong></span> <span class='ocrx_word' id='word_1_80' title='bbox 966 1244 1015 1298; x_wconf 91' lang='lat' dir='ltr'><strong>pro</strong></span> <span class='ocrx_word' id='word_1_81' title='bbox 1031 1227 1089 1280; x_wconf 86' lang='lat' dir='ltr'><strong>Nec</strong></span> <span class='ocrx_word' id='word_1_82' title='bbox 1107 1243 1152 1277; x_wconf 83' lang='lat' dir='ltr'><strong>res</strong></span> 
     </span>
     <span class='ocr_line' id='line_1_10' title="bbox 50 1293 1151 1435; baseline 0.003 -22"><span class='ocrx_word' id='word_1_83' title='bbox 50 1293 214 1415; x_wconf 55' lang='lat' dir='ltr'><strong>{ittet</strong></span> <span class='ocrx_word' id='word_1_84' title='bbox 243 1295 1151 1435; x_wconf 45' lang='lat' dir='ltr'><strong>titmtttt&#39;ititi‘ilittei&amp;mittit</strong></span> 
     </span>
     <span class='ocr_line' id='line_1_11' title="bbox 62 1383 1149 1504; baseline 0.004 -23"><span class='ocrx_word' id='word_1_85' title='bbox 62 1444 159 1498; x_wconf 74' lang='lat' dir='ltr'><strong>etpost</strong></span> <span class='ocrx_word' id='word_1_86' title='bbox 177 1433 298 1486; x_wconf 80' lang='lat' dir='ltr'><strong>calorem</strong></span> <span class='ocrx_word' id='word_1_87' title='bbox 324 1383 446 1485; x_wconf 72' lang='lat' dir='ltr'><strong>orllittunt</strong></span> <span class='ocrx_word' id='word_1_88' title='bbox 466 1434 580 1503; x_wconf 86' lang='lat' dir='ltr'><strong>plurimi.</strong></span> <span class='ocrx_word' id='word_1_89' title='bbox 604 1435 677 1502; x_wconf 84' lang='lat' dir='ltr'><strong>(sed,</strong></span> <span class='ocrx_word' id='word_1_90' title='bbox 699 1435 860 1500; x_wconf 70' lang='lat' dir='ltr'><strong>atridem,</strong></span> <span class='ocrx_word' id='word_1_91' title='bbox 884 1453 937 1488; x_wconf 89' lang='lat' dir='ltr'><strong>non</strong></span> <span class='ocrx_word' id='word_1_92' title='bbox 949 1434 1050 1504; x_wconf 88' lang='lat' dir='ltr'><strong>optimi.</strong></span> <span class='ocrx_word' id='word_1_93' title='bbox 1078 1433 1149 1502; x_wconf 75' lang='lat' dir='ltr'><strong>We.)</strong></span> 
     </span>
     <span class='ocr_line' id='line_1_12' title="bbox 24 1449 1151 1576; baseline 0.004 -26"><span class='ocrx_word' id='word_1_94' title='bbox 24 1533 25 1538; x_wconf 59' lang='lat'>=</span> <span class='ocrx_word' id='word_1_95' title='bbox 49 1449 203 1570; x_wconf 80' lang='lat' dir='ltr'><strong>lhilargyrius</strong></span> <span class='ocrx_word' id='word_1_96' title='bbox 217 1503 328 1572; x_wconf 77' lang='lat' dir='ltr'><strong>primum</strong></span> <span class='ocrx_word' id='word_1_97' title='bbox 343 1501 481 1554; x_wconf 86' lang='lat' dir='ltr'><strong>lectionem</strong></span> <span class='ocrx_word' id='word_1_98' title='bbox 492 1504 573 1555; x_wconf 86' lang='lat' dir='ltr'><strong>luisse</strong></span> <span class='ocrx_word' id='word_1_99' title='bbox 586 1504 623 1555; x_wconf 82' lang='lat' dir='ltr'><strong>tit</strong></span> <span class='ocrx_word' id='word_1_100' title='bbox 636 1505 771 1576; x_wconf 84' lang='lat' dir='ltr'><strong>colorque.</strong></span> <span class='ocrx_word' id='word_1_101' title='bbox 802 1504 908 1558; x_wconf 84' lang='lat' dir='ltr'><strong>Scilicet</strong></span> <span class='ocrx_word' id='word_1_102' title='bbox 920 1503 1072 1556; x_wconf 74' lang='lat' dir='ltr'><strong>metuebant</strong></span> <span class='ocrx_word' id='word_1_103' title='bbox 1086 1501 1151 1554; x_wconf 86' lang='lat' dir='ltr'><strong>boui</strong></span> 
     </span>
     <span class='ocr_line' id='line_1_13' title="bbox 49 1567 1148 1642; baseline 0.004 -22"><span class='ocrx_word' id='word_1_104' title='bbox 49 1567 178 1622; x_wconf 72' lang='lat' dir='ltr'><strong>unierunt</strong></span> <span class='ocrx_word' id='word_1_105' title='bbox 189 1589 337 1624; x_wconf 72' lang='lat' dir='ltr'><strong>mensurae.</strong></span> <span class='ocrx_word' id='word_1_106' title='bbox 372 1575 452 1624; x_wconf 79' lang='lat' dir='ltr'><strong>Inter</strong></span> <span class='ocrx_word' id='word_1_107' title='bbox 465 1583 493 1624; x_wconf 88' lang='lat' dir='ltr'><strong>et</strong></span> <span class='ocrx_word' id='word_1_108' title='bbox 502 1575 556 1624; x_wconf 86' lang='lat' dir='ltr'><strong>iret</strong></span> <span class='ocrx_word' id='word_1_109' title='bbox 567 1573 720 1642; x_wconf 85' lang='lat' dir='ltr'><strong>permutetis</strong></span> <span class='ocrx_word' id='word_1_110' title='bbox 735 1574 840 1626; x_wconf 84' lang='lat' dir='ltr'><strong>sedibus</strong></span> <span class='ocrx_word' id='word_1_111' title='bbox 852 1572 934 1626; x_wconf 87' lang='lat' dir='ltr'><strong>habet</strong></span> <span class='ocrx_word' id='word_1_112' title='bbox 952 1574 1013 1626; x_wconf 84' lang='lat' dir='ltr'><strong>edit.</strong></span> <span class='ocrx_word' id='word_1_113' title='bbox 1030 1571 1148 1625; x_wconf 85' lang='lat' dir='ltr'><strong>Norimb.</strong></span> 
     </span>
     <span class='ocr_line' id='line_1_14' title="bbox 49 1639 1149 1726; baseline 0.006 -39"><span class='ocrx_word' id='word_1_114' title='bbox 49 1639 102 1706; x_wconf 83' lang='lat' dir='ltr'><strong>apud</strong></span> <span class='ocrx_word' id='word_1_115' title='bbox 118 1640 264 1693; x_wconf 77' lang='lat' dir='ltr'><strong>Martinam.</strong></span> <span class='ocrx_word' id='word_1_116' title='bbox 341 1641 392 1697; x_wconf 74' lang='grc'><strong>805</strong></span> <span class='ocrx_word' id='word_1_117' title='bbox 409 1644 584 1708; x_wconf 76' lang='lat' dir='ltr'><strong>Burmannus,</strong></span> <span class='ocrx_word' id='word_1_118' title='bbox 602 1642 663 1694; x_wconf 89' lang='lat' dir='ltr'><strong>dum</strong></span> <span class='ocrx_word' id='word_1_119' title='bbox 684 1642 711 1694; x_wconf 89' lang='lat' dir='ltr'><strong>iu</strong></span> <span class='ocrx_word' id='word_1_120' title='bbox 729 1659 776 1695; x_wconf 82' lang='lat' dir='ltr'><strong>nso</strong></span> <span class='ocrx_word' id='word_1_121' title='bbox 796 1644 851 1697; x_wconf 78' lang='grc' dir='ltr'><strong>τοῦ</strong></span> <span class='ocrx_word' id='word_1_122' title='bbox 871 1647 994 1726; x_wconf 76' lang='lat' dir='ltr'><strong>excepere</strong></span> <span class='ocrx_word' id='word_1_123' title='bbox 1014 1643 1149 1707; x_wconf 72' lang='lat' dir='ltr'><strong>haerebat,</strong></span> 
     </span>
     <span class='ocr_line' id='line_1_15' title="bbox 24 1708 1149 1785; baseline 0.005 -29"><span class='ocrx_word' id='word_1_124' title='bbox 24 1725 25 1751; x_wconf 79' lang='lat'>1</span> <span class='ocrx_word' id='word_1_125' title='bbox 48 1708 195 1775; x_wconf 85' lang='lat' dir='ltr'><strong>coniiciebut,</strong></span> <span class='ocrx_word' id='word_1_126' title='bbox 212 1712 350 1781; x_wconf 76' lang='lat' dir='ltr'><strong>exciperet</strong></span> <span class='ocrx_word' id='word_1_127' title='bbox 366 1712 437 1762; x_wconf 85' lang='lat' dir='ltr'><strong>coeli</strong></span> <span class='ocrx_word' id='word_1_128' title='bbox 453 1712 628 1783; x_wconf 76' lang='lat' dir='ltr'><strong>indulgentia</strong></span> <span class='ocrx_word' id='word_1_129' title='bbox 644 1725 758 1776; x_wconf 80' lang='lat' dir='ltr'><strong>etentes,</strong></span> <span class='ocrx_word' id='word_1_130' title='bbox 785 1725 837 1778; x_wconf 80' lang='lat' dir='ltr'><strong>ant,</strong></span> <span class='ocrx_word' id='word_1_131' title='bbox 852 1715 1006 1785; x_wconf 75' lang='lat' dir='ltr'><strong>adspiceret</strong></span> <span class='ocrx_word' id='word_1_132' title='bbox 1018 1712 1089 1764; x_wconf 80' lang='lat' dir='ltr'><strong>caeli</strong></span> <span class='ocrx_word' id='word_1_133' title='bbox 1103 1713 1149 1764; x_wconf 86' lang='lat' dir='ltr'><strong>in-</strong></span> 
     </span>
     <span class='ocr_line' id='line_1_16' title="bbox 48 1776 1148 1856; baseline 0.005 -28"><span class='ocrx_word' id='word_1_134' title='bbox 48 1776 171 1856; x_wconf 73' lang='lat' dir='ltr'><strong>dulgentia</strong></span> <span class='ocrx_word' id='word_1_135' title='bbox 182 1792 285 1830; x_wconf 74' lang='lat' dir='ltr'><strong>ueras.</strong></span> <span class='ocrx_word' id='word_1_136' title='bbox 319 1779 373 1832; x_wconf 81' lang='lat' dir='ltr'><strong>Sed</strong></span> <span class='ocrx_word' id='word_1_137' title='bbox 386 1779 438 1832; x_wconf 84' lang='lat' dir='ltr'><strong>vid.</strong></span> <span class='ocrx_word' id='word_1_138' title='bbox 451 1783 546 1834; x_wconf 79' lang='lat' dir='ltr'><strong>Notas.</strong></span> <span class='ocrx_word' id='word_1_139' title='bbox 580 1783 653 1833; x_wconf 85' lang='lat' dir='ltr'><strong>Unus</strong></span> <span class='ocrx_word' id='word_1_140' title='bbox 676 1782 765 1834; x_wconf 85' lang='lat' dir='ltr'><strong>Mesd.</strong></span> <span class='ocrx_word' id='word_1_141' title='bbox 784 1782 852 1834; x_wconf 77' lang='lat' dir='ltr'><strong>laec</strong></span> <span class='ocrx_word' id='word_1_142' title='bbox 865 1795 977 1856; x_wconf 83' lang='lat' dir='ltr'><strong>pareret</strong></span> <span class='ocrx_word' id='word_1_143' title='bbox 996 1782 1078 1834; x_wconf 86' lang='lat' dir='ltr'><strong>habet</strong></span> <span class='ocrx_word' id='word_1_144' title='bbox 1098 1797 1148 1849; x_wconf 85' lang='lat' dir='ltr'><strong>pro</strong></span> 
     </span>
     <span class='ocr_line' id='line_1_17' title="bbox 48 1847 1149 1924; baseline 0.006 -29"><span class='ocrx_word' id='word_1_145' title='bbox 48 1861 171 1924; x_wconf 61' lang='lat' dir='ltr'><strong>estiperm</strong></span> <span class='ocrx_word' id='word_1_146' title='bbox 189 1847 261 1901; x_wconf 86' lang='lat' dir='ltr'><strong>uude</strong></span> <span class='ocrx_word' id='word_1_147' title='bbox 271 1847 350 1902; x_wconf 85' lang='lat' dir='ltr'><strong>leoile</strong></span> <span class='ocrx_word' id='word_1_148' title='bbox 364 1849 464 1920; x_wconf 82' lang='lat' dir='ltr'><strong>aliquid</strong></span> <span class='ocrx_word' id='word_1_149' title='bbox 474 1850 597 1904; x_wconf 83' lang='lat' dir='ltr'><strong>extricari</strong></span> <span class='ocrx_word' id='word_1_150' title='bbox 612 1851 712 1922; x_wconf 75' lang='lat' dir='ltr'><strong>possit3</strong></span> <span class='ocrx_word' id='word_1_151' title='bbox 729 1852 778 1904; x_wconf 85' lang='lat' dir='ltr'><strong>sed</strong></span> <span class='ocrx_word' id='word_1_152' title='bbox 789 1862 829 1904; x_wconf 85' lang='lat' dir='ltr'><strong>est</strong></span> <span class='ocrx_word' id='word_1_153' title='bbox 842 1852 875 1904; x_wconf 87' lang='lat' dir='ltr'><strong>ab</strong></span> <span class='ocrx_word' id='word_1_154' title='bbox 888 1852 978 1922; x_wconf 86' lang='lat' dir='ltr'><strong>inepta</strong></span> <span class='ocrx_word' id='word_1_155' title='bbox 989 1869 1074 1904; x_wconf 80' lang='lat' dir='ltr'><strong>menn.</strong></span> <span class='ocrx_word' id='word_1_156' title='bbox 1098 1869 1149 1903; x_wconf 79' lang='lat' dir='ltr'><strong>ex-</strong></span> 
     </span>
    </p>
   </div>
   <div class='ocr_carea' id='block_1_5' title="bbox 47 1919 231 1992">
    <p class='ocr_par' dir='ltr' id='par_1_7' title="bbox 47 1919 231 1992">
     <span class='ocr_line' id='line_1_18' title="bbox 47 1919 231 1992; baseline 0.043 -28"><span class='ocrx_word' id='word_1_157' title='bbox 47 1929 147 1992; x_wconf 71' lang='lat' dir='ltr'><strong>cuperent</strong></span> <span class='ocrx_word' id='word_1_158' title='bbox 154 1919 231 1971; x_wconf 77' lang='lat' dir='ltr'><strong>Rom.</strong></span> 
     </span>
    </p>
   </div>
   <div class='ocr_carea' id='block_1_6' title="bbox 47 2055 1266 2140">
    <p class='ocr_par' dir='ltr' id='par_1_8' title="bbox 47 2055 1266 2140">
     <span class='ocr_line' id='line_1_19' title="bbox 47 2055 1266 2140; baseline 0.007 -28"><span class='ocrx_word' id='word_1_159' title='bbox 47 2055 236 2138; x_wconf 83' lang='lat' dir='ltr'><strong>muitempue,</strong></span> <span class='ocrx_word' id='word_1_160' title='bbox 259 2059 348 2118; x_wconf 87' lang='lat' dir='ltr'><strong>luisse</strong></span> <span class='ocrx_word' id='word_1_161' title='bbox 362 2067 475 2140; x_wconf 85' lang='lat' dir='ltr'><strong>putem,</strong></span> <span class='ocrx_word' id='word_1_162' title='bbox 498 2079 567 2120; x_wconf 88' lang='lat' dir='ltr'><strong>cum</strong></span> <span class='ocrx_word' id='word_1_163' title='bbox 609 2061 712 2121; x_wconf 85' lang='lat' dir='ltr'><strong>verbo.</strong></span> <span class='ocrx_word' id='word_1_164' title='bbox 762 2061 860 2122; x_wconf 84' lang='lat' dir='ltr'><strong>Petite</strong></span> <span class='ocrx_word' id='word_1_165' title='bbox 888 2071 989 2122; x_wconf 86' lang='lat' dir='ltr'><strong>autem</strong></span> <span class='ocrx_word' id='word_1_166' title='bbox 1029 2059 1149 2121; x_wconf 81' lang='lat' dir='ltr'><strong>haece</strong></span> <span class='ocrx_word' id='word_1_167' title='bbox 1258 2070 1266 2080; x_wconf 87' lang='grc'><strong>’</strong></span> 
     </span>
    </p>
   </div>
   <div class='ocr_carea' id='block_1_7' title="bbox 38 2142 1171 4458">
    <p class='ocr_par' dir='ltr' id='par_1_9' title="bbox 38 2142 1171 3672">
     <span class='ocr_line' id='line_1_20' title="bbox 44 2142 1152 2229; baseline 0.009 -31"><span class='ocrx_word' id='word_1_168' title='bbox 44 2142 155 2204; x_wconf 84' lang='lat' dir='ltr'><strong>mundus</strong></span> <span class='ocrx_word' id='word_1_169' title='bbox 168 2145 339 2204; x_wconf 78' lang='lat' dir='ltr'><strong>creabatur.</strong></span> <span class='ocrx_word' id='word_1_170' title='bbox 381 2148 454 2210; x_wconf 89' lang='grc'><strong>888.</strong></span> <span class='ocrx_word' id='word_1_171' title='bbox 481 2145 567 2205; x_wconf 79' lang='lat' dir='ltr'><strong>Orbis</strong></span> <span class='ocrx_word' id='word_1_172' title='bbox 608 2145 739 2207; x_wconf 85' lang='lat' dir='ltr'><strong>Lucretii</strong></span> <span class='ocrx_word' id='word_1_173' title='bbox 763 2167 845 2229; x_wconf 88' lang='lat' dir='ltr'><strong>penu</strong></span> <span class='ocrx_word' id='word_1_174' title='bbox 863 2147 908 2224; x_wconf 87' lang='lat' dir='ltr'><strong>V,</strong></span> <span class='ocrx_word' id='word_1_175' title='bbox 934 2151 1016 2213; x_wconf 78' lang='lat'>1213</span> <span class='ocrx_word' id='word_1_176' title='bbox 1048 2147 1152 2228; x_wconf 79' lang='lat' dir='ltr'><em>quoad</em></span> 
     </span>
     <span class='ocr_line' id='line_1_21' title="bbox 44 2227 1149 2310; baseline 0.006 -26"><span class='ocrx_word' id='word_1_177' title='bbox 44 2227 137 2304; x_wconf 75' lang='lat' dir='ltr'><strong>agebat</strong></span> <span class='ocrx_word' id='word_1_178' title='bbox 165 2251 232 2307; x_wconf 73' lang='grc' dir='ltr'><strong>νιν,</strong></span> <span class='ocrx_word' id='word_1_179' title='bbox 263 2239 299 2290; x_wconf 88' lang='lat' dir='ltr'><strong>ut</strong></span> <span class='ocrx_word' id='word_1_180' title='bbox 324 2249 414 2308; x_wconf 78' lang='lat' dir='ltr'><strong>agere</strong></span> <span class='ocrx_word' id='word_1_181' title='bbox 432 2231 563 2310; x_wconf 76' lang='lat' dir='ltr'><strong>fictum.</strong></span> <span class='ocrx_word' id='word_1_182' title='bbox 608 2236 727 2292; x_wconf 83' lang='lat' dir='ltr'><strong>ntoenia</strong></span> <span class='ocrx_word' id='word_1_183' title='bbox 757 2233 864 2292; x_wconf 80' lang='lat' dir='ltr'><strong>ncwidi</strong></span> <span class='ocrx_word' id='word_1_184' title='bbox 886 2235 929 2293; x_wconf 87' lang='lat' dir='ltr'><strong>Et</strong></span> <span class='ocrx_word' id='word_1_185' title='bbox 949 2235 1035 2293; x_wconf 83' lang='lat' dir='ltr'><strong>taciti</strong></span> <span class='ocrx_word' id='word_1_186' title='bbox 1052 2245 1149 2295; x_wconf 71' lang='lat' dir='ltr'><strong>neotus</strong></span> 
     </span>
     <span class='ocr_line' id='line_1_22' title="bbox 45 2313 1149 2398; baseline 0.005 -28"><span class='ocrx_word' id='word_1_187' title='bbox 45 2313 166 2392; x_wconf 78' lang='lat' dir='ltr'><strong>Magnus</strong></span> <span class='ocrx_word' id='word_1_188' title='bbox 190 2335 267 2376; x_wconf 86' lang='lat' dir='ltr'><strong>vero</strong></span> <span class='ocrx_word' id='word_1_189' title='bbox 294 2314 388 2390; x_wconf 67' lang='lat' dir='ltr'><strong>ortis,</strong></span> <span class='ocrx_word' id='word_1_190' title='bbox 420 2317 563 2392; x_wconf 69' lang='lat' dir='ltr'><strong>musidae,</strong></span> <span class='ocrx_word' id='word_1_191' title='bbox 611 2317 903 2398; x_wconf 77' lang='lat' dir='ltr'><strong>huncposeintfim</strong></span> <span class='ocrx_word' id='word_1_192' title='bbox 917 2318 1059 2379; x_wconf 69' lang='lat' dir='ltr'><strong>totamm.</strong></span> <span class='ocrx_word' id='word_1_193' title='bbox 1089 2316 1149 2376; x_wconf 81' lang='lat' dir='ltr'><strong>Alii</strong></span> 
     </span>
     <span class='ocr_line' id='line_1_23' title="bbox 45 2401 1148 2482; baseline 0.006 -27"><span class='ocrx_word' id='word_1_194' title='bbox 45 2417 141 2476; x_wconf 78' lang='lat' dir='ltr'><strong>magne</strong></span> <span class='ocrx_word' id='word_1_195' title='bbox 176 2413 278 2476; x_wconf 75' lang='lat' dir='ltr'><strong>terra,</strong></span> <span class='ocrx_word' id='word_1_196' title='bbox 319 2409 464 2482; x_wconf 81' lang='lat' dir='ltr'><strong>perpetua</strong></span> <span class='ocrx_word' id='word_1_197' title='bbox 493 2412 566 2462; x_wconf 87' lang='lat' dir='ltr'><strong>sunt</strong></span> <span class='ocrx_word' id='word_1_198' title='bbox 607 2401 922 2476; x_wconf 62' lang='lat' dir='ltr'><strong>vnete-5011...</strong></span> <span class='ocrx_word' id='word_1_199' title='bbox 945 2403 1148 2466; x_wconf 77' lang='lat' dir='ltr'><strong>antecedenti-</strong></span> 
     </span>
     <span class='ocr_line' id='line_1_24' title="bbox 45 2485 1148 2564; baseline 0.005 -23"><span class='ocrx_word' id='word_1_200' title='bbox 45 2485 121 2560; x_wconf 74' lang='lat' dir='ltr'><strong>poetis</strong></span> <span class='ocrx_word' id='word_1_201' title='bbox 135 2487 248 2564; x_wconf 70' lang='lat' dir='ltr'><strong>genens</strong></span> <span class='ocrx_word' id='word_1_202' title='bbox 263 2495 294 2546; x_wconf 87' lang='lat' dir='ltr'><strong>et</strong></span> <span class='ocrx_word' id='word_1_203' title='bbox 317 2486 432 2562; x_wconf 87' lang='lat' dir='ltr'><strong>latinis;</strong></span> <span class='ocrx_word' id='word_1_204' title='bbox 460 2507 498 2546; x_wconf 84' lang='lat' dir='ltr'><strong>ex</strong></span> <span class='ocrx_word' id='word_1_205' title='bbox 512 2508 568 2546; x_wconf 87' lang='lat' dir='ltr'><strong>an·</strong></span> <span class='ocrx_word' id='word_1_206' title='bbox 608 2487 665 2546; x_wconf 89' lang='lat' dir='ltr'><strong>bus</strong></span> <span class='ocrx_word' id='word_1_207' title='bbox 686 2487 723 2546; x_wconf 77' lang='lat' dir='ltr'><strong>de</strong></span> <span class='ocrx_word' id='word_1_208' title='bbox 750 2489 822 2553; x_wconf 81' lang='lat' dir='ltr'><strong>orbe</strong></span> <span class='ocrx_word' id='word_1_209' title='bbox 840 2498 992 2551; x_wconf 82' lang='lat' dir='ltr'><strong>terrarum</strong></span> <span class='ocrx_word' id='word_1_210' title='bbox 1016 2489 1049 2547; x_wconf 90' lang='lat' dir='ltr'><strong>in</strong></span> <span class='ocrx_word' id='word_1_211' title='bbox 1076 2505 1148 2550; x_wconf 82' lang='lat' dir='ltr'><strong>vere</strong></span> 
     </span>
     <span class='ocr_line' id='line_1_25' title="bbox 44 2569 1145 2654; baseline 0.002 -26"><span class='ocrx_word' id='word_1_212' title='bbox 44 2569 110 2646; x_wconf 81' lang='lat' dir='ltr'><strong>tique</strong></span> <span class='ocrx_word' id='word_1_213' title='bbox 126 2571 239 2632; x_wconf 72' lang='lat' dir='ltr'><strong>seilicet</strong></span> <span class='ocrx_word' id='word_1_214' title='bbox 254 2572 353 2652; x_wconf 84' lang='lat' dir='ltr'><strong>poesi3</strong></span> <span class='ocrx_word' id='word_1_215' title='bbox 374 2572 456 2632; x_wconf 87' lang='lat' dir='ltr'><strong>unde</strong></span> <span class='ocrx_word' id='word_1_216' title='bbox 469 2581 499 2632; x_wconf 89' lang='lat' dir='ltr'><strong>et</strong></span> <span class='ocrx_word' id='word_1_217' title='bbox 510 2593 569 2632; x_wconf 90' lang='lat' dir='ltr'><strong>no-</strong></span> <span class='ocrx_word' id='word_1_218' title='bbox 609 2582 682 2640; x_wconf 77' lang='lat' dir='ltr'><strong>nato</strong></span> <span class='ocrx_word' id='word_1_219' title='bbox 702 2573 844 2654; x_wconf 87' lang='lat' dir='ltr'><strong>iungunt,</strong></span> <span class='ocrx_word' id='word_1_220' title='bbox 873 2583 1057 2652; x_wconf 83' lang='lat' dir='ltr'><strong>utpoeeent,</strong></span> <span class='ocrx_word' id='word_1_221' title='bbox 1080 2575 1145 2647; x_wconf 84' lang='lat' dir='ltr'><strong>iret,</strong></span> 
     </span>
     <span class='ocr_line' id='line_1_26' title="bbox 44 2658 1148 2738; baseline 0 -24"><span class='ocrx_word' id='word_1_222' title='bbox 44 2673 96 2714; x_wconf 84' lang='lat' dir='ltr'><strong>tntu</strong></span> <span class='ocrx_word' id='word_1_223' title='bbox 129 2661 275 2738; x_wconf 80' lang='lat' dir='ltr'><strong>Magnae</strong></span> <span class='ocrx_word' id='word_1_224' title='bbox 324 2661 429 2718; x_wconf 79' lang='lat' dir='ltr'><strong>neutris</strong></span> <span class='ocrx_word' id='word_1_225' title='bbox 467 2658 568 2718; x_wconf 81' lang='lat' dir='ltr'><strong>fluxit.</strong></span> <span class='ocrx_word' id='word_1_226' title='bbox 610 2661 772 2735; x_wconf 72' lang='lat' dir='ltr'><strong>exciperet,</strong></span> <span class='ocrx_word' id='word_1_227' title='bbox 810 2659 871 2718; x_wconf 87' lang='lat' dir='ltr'><strong>sint</strong></span> <span class='ocrx_word' id='word_1_228' title='bbox 906 2679 962 2738; x_wconf 87' lang='lat' dir='ltr'><strong>pro</strong></span> <span class='ocrx_word' id='word_1_229' title='bbox 984 2659 1148 2734; x_wconf 81' lang='lat' dir='ltr'><strong>potuissent</strong></span> 
     </span>
     <span class='ocr_line' id='line_1_27' title="bbox 44 2739 1146 2822; baseline 0 -20"><span class='ocrx_word' id='word_1_230' title='bbox 44 2739 100 2802; x_wconf 75' lang='grc'><strong>810.</strong></span> <span class='ocrx_word' id='word_1_231' title='bbox 119 2743 219 2802; x_wconf 74' lang='lat' dir='ltr'><strong>luem</strong></span> <span class='ocrx_word' id='word_1_232' title='bbox 227 2743 360 2822; x_wconf 82' lang='lat' dir='ltr'><strong>pecudes</strong></span> <span class='ocrx_word' id='word_1_233' title='bbox 374 2743 499 2802; x_wconf 74' lang='lat' dir='ltr'><strong>hausere</strong></span> <span class='ocrx_word' id='word_1_234' title='bbox 506 2744 576 2802; x_wconf 88' lang='lat' dir='ltr'><strong>Lu-·</strong></span> <span class='ocrx_word' id='word_1_235' title='bbox 610 2751 640 2801; x_wconf 88' lang='lat' dir='ltr'><strong>et</strong></span> <span class='ocrx_word' id='word_1_236' title='bbox 653 2743 694 2801; x_wconf 87' lang='lat' dir='ltr'><strong>sio</strong></span> <span class='ocrx_word' id='word_1_237' title='bbox 704 2763 797 2822; x_wconf 88' lang='lat' dir='ltr'><strong>porro</strong></span> <span class='ocrx_word' id='word_1_238' title='bbox 806 2743 901 2818; x_wconf 80' lang='lat' dir='ltr'><strong>‹licta3</strong></span> <span class='ocrx_word' id='word_1_239' title='bbox 922 2761 979 2800; x_wconf 88' lang='lat' dir='ltr'><strong>nec</strong></span> <span class='ocrx_word' id='word_1_240' title='bbox 992 2741 1052 2802; x_wconf 89' lang='lat' dir='ltr'><strong>hoc</strong></span> <span class='ocrx_word' id='word_1_241' title='bbox 1061 2741 1146 2802; x_wconf 86' lang='lat' dir='ltr'><strong>mala.</strong></span> 
     </span>
     <span class='ocr_line' id='line_1_28' title="bbox 44 2823 1146 2910; baseline 0.005 -28"><span class='ocrx_word' id='word_1_242' title='bbox 44 2826 157 2886; x_wconf 82' lang='lat' dir='ltr'><strong>cretiana</strong></span> <span class='ocrx_word' id='word_1_243' title='bbox 178 2828 325 2906; x_wconf 86' lang='lat' dir='ltr'><strong>loquendi</strong></span> <span class='ocrx_word' id='word_1_244' title='bbox 348 2830 459 2906; x_wconf 81' lang='lat' dir='ltr'><strong>forme,</strong></span> <span class='ocrx_word' id='word_1_245' title='bbox 482 2838 519 2888; x_wconf 90' lang='lat' dir='ltr'><strong>ut</strong></span> <span class='ocrx_word' id='word_1_246' title='bbox 532 2829 568 2904; x_wconf 87' lang='lat'><strong>11,</strong></span> <span class='ocrx_word' id='word_1_247' title='bbox 611 2825 706 2909; x_wconf 88' lang='lat' dir='ltr'><strong>(quod</strong></span> <span class='ocrx_word' id='word_1_248' title='bbox 734 2829 843 2888; x_wconf 83' lang='lat' dir='ltr'><strong>merito</strong></span> <span class='ocrx_word' id='word_1_249' title='bbox 878 2826 981 2887; x_wconf 88' lang='lat' dir='ltr'><strong>reiecit</strong></span> <span class='ocrx_word' id='word_1_250' title='bbox 1016 2823 1146 2910; x_wconf 77' lang='lat' dir='ltr'><strong>Iahnius.</strong></span> 
     </span>
     <span class='ocr_line' id='line_1_29' title="bbox 44 2911 1147 2995; baseline -0.001 -25"><span class='ocrx_word' id='word_1_251' title='bbox 44 2911 119 2974; x_wconf 88' lang='grc'><strong>1088.</strong></span> <span class='ocrx_word' id='word_1_252' title='bbox 156 2913 298 2993; x_wconf 78' lang='lat' dir='ltr'><strong>Virgilius</strong></span> <span class='ocrx_word' id='word_1_253' title='bbox 316 2933 434 2992; x_wconf 88' lang='lat' dir='ltr'><strong>quoque</strong></span> <span class='ocrx_word' id='word_1_254' title='bbox 448 2915 479 2974; x_wconf 88' lang='lat' dir='ltr'><strong>in</strong></span> <span class='ocrx_word' id='word_1_255' title='bbox 493 2914 567 2976; x_wconf 77' lang='lat' dir='ltr'><strong>Aen.</strong></span> <span class='ocrx_word' id='word_1_256' title='bbox 613 2911 702 2995; x_wconf 90' lang='lat' dir='ltr'><strong>Wr.)</strong></span> <span class='ocrx_word' id='word_1_257' title='bbox 745 2912 970 2974; x_wconf 82' lang='lat' dir='ltr'><strong>Possislaudare</strong></span> <span class='ocrx_word' id='word_1_258' title='bbox 982 2912 1101 2975; x_wconf 76' lang='lat' dir='ltr'><strong>Lucret.</strong></span> <span class='ocrx_word' id='word_1_259' title='bbox 1110 2911 1147 2986; x_wconf 87' lang='lat' dir='ltr'><strong>V,</strong></span> 
     </span>
     <span class='ocr_line' id='line_1_30' title="bbox 42 2993 1147 3082; baseline -0.005 -20"><span class='ocrx_word' id='word_1_260' title='bbox 42 2993 153 3068; x_wconf 61' lang='grc' dir='ltr'><strong>Χ,808</strong></span> <span class='ocrx_word' id='word_1_261' title='bbox 194 3000 370 3082; x_wconf 79' lang='lat' dir='ltr'><strong>Respondet</strong></span> <span class='ocrx_word' id='word_1_262' title='bbox 383 3000 485 3076; x_wconf 83' lang='lat' dir='ltr'><strong>altera,</strong></span> <span class='ocrx_word' id='word_1_263' title='bbox 501 2999 568 3058; x_wconf 84' lang='lat' dir='ltr'><strong>luce</strong></span> <span class='ocrx_word' id='word_1_264' title='bbox 609 3000 672 3061; x_wconf 82' lang='lat'><strong>778</strong></span> <span class='ocrx_word' id='word_1_265' title='bbox 702 2997 797 3058; x_wconf 83' lang='lat' dir='ltr'><strong>Nunc</strong></span> <span class='ocrx_word' id='word_1_266' title='bbox 814 2997 956 3058; x_wconf 79' lang='lat' dir='ltr'><strong>redeoad</strong></span> <span class='ocrx_word' id='word_1_267' title='bbox 974 2997 1147 3056; x_wconf 77' lang='lat' dir='ltr'><strong>mondino·</strong></span> 
     </span>
     <span class='ocr_line' id='line_1_31' title="bbox 42 3082 1143 3158; baseline -0.007 -8"><span class='ocrx_word' id='word_1_268' title='bbox 42 3082 130 3158; x_wconf 51' lang='lat' dir='ltr'><strong>”tari-</strong></span> <span class='ocrx_word' id='word_1_269' title='bbox 174 3085 249 3150; x_wconf 80' lang='grc'><strong>841.</strong></span> <span class='ocrx_word' id='word_1_270' title='bbox 278 3085 318 3148; x_wconf 87' lang='lat' dir='ltr'><strong>Et</strong></span> <span class='ocrx_word' id='word_1_271' title='bbox 340 3105 409 3144; x_wconf 89' lang='lat' dir='ltr'><strong>cum</strong></span> <span class='ocrx_word' id='word_1_272' title='bbox 430 3084 567 3144; x_wconf 84' lang='lat' dir='ltr'><strong>homines</strong></span> <span class='ocrx_word' id='word_1_273' title='bbox 607 3085 732 3142; x_wconf 73' lang='lat' dir='ltr'><strong>vitatem</strong></span> <span class='ocrx_word' id='word_1_274' title='bbox 755 3095 783 3144; x_wconf 89' lang='lat' dir='ltr'><strong>et</strong></span> <span class='ocrx_word' id='word_1_275' title='bbox 807 3085 912 3144; x_wconf 78' lang='lat' dir='ltr'><strong>molEa</strong></span> <span class='ocrx_word' id='word_1_276' title='bbox 934 3096 1028 3143; x_wconf 82' lang='lat' dir='ltr'><strong>terrae</strong></span> <span class='ocrx_word' id='word_1_277' title='bbox 1046 3083 1143 3158; x_wconf 69' lang='lat' dir='ltr'><strong>Arva,</strong></span> 
     </span>
     <span class='ocr_line' id='line_1_32' title="bbox 40 3165 1147 3250; baseline 0 -22"><span class='ocrx_word' id='word_1_278' title='bbox 40 3165 113 3242; x_wconf 80' lang='lat' dir='ltr'><strong>primi</strong></span> <span class='ocrx_word' id='word_1_279' title='bbox 131 3179 246 3230; x_wconf 86' lang='lat' dir='ltr'><strong>eterra</strong></span> <span class='ocrx_word' id='word_1_280' title='bbox 267 3173 332 3232; x_wconf 86' lang='lat' dir='ltr'><strong>nati</strong></span> <span class='ocrx_word' id='word_1_281' title='bbox 352 3179 438 3230; x_wconf 85' lang='lat' dir='ltr'><strong>sunt:</strong></span> <span class='ocrx_word' id='word_1_282' title='bbox 468 3172 565 3230; x_wconf 84' lang='lat' dir='ltr'><strong>notis-</strong></span> <span class='ocrx_word' id='word_1_283' title='bbox 607 3167 764 3246; x_wconf 75' lang='lat' dir='ltr'><strong>novofetu</strong></span> <span class='ocrx_word' id='word_1_284' title='bbox 781 3169 1147 3250; x_wconf 72' lang='lat' dir='ltr'><strong>qutiiprimuminlumi-</strong></span> 
     </span>
     <span class='ocr_line' id='line_1_33' title="bbox 40 3249 1145 3337; baseline 0.005 -29"><span class='ocrx_word' id='word_1_285' title='bbox 40 3249 100 3310; x_wconf 74' lang='lat' dir='ltr'><strong>nmo</strong></span> <span class='ocrx_word' id='word_1_286' title='bbox 114 3266 252 3318; x_wconf 79' lang='lat' dir='ltr'><strong>veterum</strong></span> <span class='ocrx_word' id='word_1_287' title='bbox 274 3257 426 3337; x_wconf 88' lang='lat' dir='ltr'><strong>opinione:</strong></span> <span class='ocrx_word' id='word_1_288' title='bbox 447 3257 565 3316; x_wconf 69' lang='lat' dir='ltr'><strong>tuerat.</strong></span> <span class='ocrx_word' id='word_1_289' title='bbox 607 3255 654 3311; x_wconf 74' lang='lat' dir='ltr'><strong>nit</strong></span> <span class='ocrx_word' id='word_1_290' title='bbox 678 3275 745 3312; x_wconf 82' lang='lat' dir='ltr'><strong>oras</strong></span> <span class='ocrx_word' id='word_1_291' title='bbox 762 3256 931 3314; x_wconf 54' lang='lat' dir='ltr'><strong>Tollere-⁴</strong></span> <span class='ocrx_word' id='word_1_292' title='bbox 951 3265 982 3316; x_wconf 85' lang='lat' dir='ltr'><strong>et</strong></span> <span class='ocrx_word' id='word_1_293' title='bbox 1002 3276 1066 3336; x_wconf 89' lang='lat' dir='ltr'><strong>sup.</strong></span> <span class='ocrx_word' id='word_1_294' title='bbox 1085 3253 1145 3314; x_wconf 85' lang='lat' dir='ltr'><strong>Ecl.</strong></span> 
     </span>
     <span class='ocr_line' id='line_1_34' title="bbox 40 3331 1145 3422; baseline -0.005 -20"><span class='ocrx_word' id='word_1_295' title='bbox 40 3331 67 3410; x_wconf 80' lang='lat' dir='ltr'><strong>V,</strong></span> <span class='ocrx_word' id='word_1_296' title='bbox 78 3341 135 3404; x_wconf 89' lang='grc'><strong>808</strong></span> <span class='ocrx_word' id='word_1_297' title='bbox 151 3361 195 3422; x_wconf 89' lang='lat' dir='ltr'><strong>sq.</strong></span> <span class='ocrx_word' id='word_1_298' title='bbox 213 3341 251 3418; x_wconf 89' lang='lat' dir='ltr'><strong>ll,</strong></span> <span class='ocrx_word' id='word_1_299' title='bbox 275 3344 358 3408; x_wconf 84' lang='grc'><strong>1150</strong></span> <span class='ocrx_word' id='word_1_300' title='bbox 375 3363 419 3420; x_wconf 83' lang='lat' dir='ltr'><strong>tq.</strong></span> <span class='ocrx_word' id='word_1_301' title='bbox 442 3342 566 3416; x_wconf 80' lang='lat' dir='ltr'><strong>Quanta</strong></span> <span class='ocrx_word' id='word_1_302' title='bbox 607 3338 656 3414; x_wconf 90' lang='lat' dir='ltr'><strong>Vl,</strong></span> <span class='ocrx_word' id='word_1_303' title='bbox 670 3337 712 3402; x_wconf 77' lang='grc'><strong>84</strong></span> <span class='ocrx_word' id='word_1_304' title='bbox 737 3343 935 3419; x_wconf 71' lang='lat' dir='ltr'><strong>etipsetener</strong></span> <span class='ocrx_word' id='word_1_305' title='bbox 954 3341 1145 3400; x_wconf 76' lang='lat' dir='ltr'><strong>mundicors-</strong></span> 
     </span>
     <span class='ocr_line' id='line_1_35' title="bbox 40 3425 1147 3506; baseline 0.001 -25"><span class='ocrx_word' id='word_1_306' title='bbox 40 3433 147 3486; x_wconf 72' lang='lat' dir='ltr'><strong>unitur</strong></span> <span class='ocrx_word' id='word_1_307' title='bbox 157 3428 290 3487; x_wconf 80' lang='lat' dir='ltr'><strong>varietas</strong></span> <span class='ocrx_word' id='word_1_308' title='bbox 305 3426 366 3488; x_wconf 89' lang='lat' dir='ltr'><strong>hoc</strong></span> <span class='ocrx_word' id='word_1_309' title='bbox 378 3437 409 3486; x_wconf 88' lang='lat' dir='ltr'><strong>et</strong></span> <span class='ocrx_word' id='word_1_310' title='bbox 423 3437 565 3506; x_wconf 86' lang='lat' dir='ltr'><strong>sequente</strong></span> <span class='ocrx_word' id='word_1_311' title='bbox 606 3428 726 3484; x_wconf 75' lang='lat' dir='ltr'><strong>creverit</strong></span> <span class='ocrx_word' id='word_1_312' title='bbox 741 3425 828 3484; x_wconf 70' lang='grc' dir='ltr'><strong>οιῦιέσ.</strong></span> <span class='ocrx_word' id='word_1_313' title='bbox 840 3425 965 3492; x_wconf 80' lang='lat'><strong>-345.</strong></span> <span class='ocrx_word' id='word_1_314' title='bbox 983 3427 1147 3504; x_wconf 79' lang='lat' dir='ltr'><strong>Excipiunt</strong></span> 
     </span>
     <span class='ocr_line' id='line_1_36' title="bbox 39 3509 1146 3590; baseline 0.003 -26"><span class='ocrx_word' id='word_1_315' title='bbox 39 3513 127 3570; x_wconf 70' lang='lat' dir='ltr'><strong>vesu!</strong></span> <span class='ocrx_word' id='word_1_316' title='bbox 149 3513 221 3574; x_wconf 87' lang='lat' dir='ltr'><strong>duri</strong></span> <span class='ocrx_word' id='word_1_317' title='bbox 233 3511 369 3574; x_wconf 86' lang='lat' dir='ltr'><strong>homines</strong></span> <span class='ocrx_word' id='word_1_318' title='bbox 382 3533 398 3571; x_wconf 89' lang='lat' dir='ltr'><strong>e</strong></span> <span class='ocrx_word' id='word_1_319' title='bbox 411 3513 489 3574; x_wconf 88' lang='lat' dir='ltr'><strong>dura</strong></span> <span class='ocrx_word' id='word_1_320' title='bbox 502 3522 565 3574; x_wconf 85' lang='lat' dir='ltr'><strong>ter·</strong></span> <span class='ocrx_word' id='word_1_321' title='bbox 606 3531 668 3569; x_wconf 83' lang='lat' dir='ltr'><strong>sees</strong></span> <span class='ocrx_word' id='word_1_322' title='bbox 682 3513 810 3571; x_wconf 70' lang='lat' dir='ltr'><strong>iimitem</strong></span> <span class='ocrx_word' id='word_1_323' title='bbox 820 3531 887 3587; x_wconf 85' lang='lat' dir='ltr'><strong>res,</strong></span> <span class='ocrx_word' id='word_1_324' title='bbox 911 3531 986 3590; x_wconf 87' lang='lat' dir='ltr'><strong>quae</strong></span> <span class='ocrx_word' id='word_1_325' title='bbox 1000 3509 1056 3570; x_wconf 88' lang='lat' dir='ltr'><strong>sibi</strong></span> <span class='ocrx_word' id='word_1_326' title='bbox 1076 3526 1146 3568; x_wconf 82' lang='lat' dir='ltr'><strong>euo-</strong></span> 
     </span>
     <span class='ocr_line' id='line_1_37' title="bbox 38 3595 1171 3672; baseline -0.002 -20"><span class='ocrx_word' id='word_1_327' title='bbox 38 3607 66 3648; x_wconf 81' lang='lat' dir='ltr'><strong>ra</strong></span> <span class='ocrx_word' id='word_1_328' title='bbox 78 3597 145 3656; x_wconf 83' lang='lat' dir='ltr'><strong>nati.</strong></span> <span class='ocrx_word' id='word_1_329' title='bbox 607 3595 735 3656; x_wconf 88' lang='lat' dir='ltr'><strong>cedunt:</strong></span> <span class='ocrx_word' id='word_1_330' title='bbox 763 3606 830 3658; x_wconf 88' lang='lat' dir='ltr'><strong>tum</strong></span> <span class='ocrx_word' id='word_1_331' title='bbox 853 3597 943 3656; x_wconf 86' lang='lat' dir='ltr'><strong>etiam</strong></span> <span class='ocrx_word' id='word_1_332' title='bbox 959 3615 1024 3672; x_wconf 87' lang='lat' dir='ltr'><strong>res,</strong></span> <span class='ocrx_word' id='word_1_333' title='bbox 1051 3611 1171 3670; x_wconf 51' lang='lat' dir='ltr'><strong>cssusp.</strong></span> 
     </span>
    </p>

    <p class='ocr_par' dir='ltr' id='par_1_10' title="bbox 39 3679 1145 4458">
     <span class='ocr_line' id='line_1_38' title="bbox 71 3679 1145 3764; baseline -0.005 -22"><span class='ocrx_word' id='word_1_334' title='bbox 71 3679 137 3745; x_wconf 80' lang='grc'><strong>848.</strong></span> <span class='ocrx_word' id='word_1_335' title='bbox 159 3683 252 3746; x_wconf 83' lang='lat' dir='ltr'><strong>Redit</strong></span> <span class='ocrx_word' id='word_1_336' title='bbox 265 3682 304 3742; x_wconf 84' lang='lat' dir='ltr'><strong>td</strong></span> <span class='ocrx_word' id='word_1_337' title='bbox 326 3683 480 3764; x_wconf 79' lang='lat' dir='ltr'><strong>superiora</strong></span> <span class='ocrx_word' id='word_1_338' title='bbox 493 3683 564 3745; x_wconf 88' lang='lat' dir='ltr'><strong>inde</strong></span> <span class='ocrx_word' id='word_1_339' title='bbox 609 3681 660 3760; x_wconf 86' lang='lat' dir='ltr'><strong>qui</strong></span> <span class='ocrx_word' id='word_1_340' title='bbox 671 3682 820 3760; x_wconf 82' lang='lat' dir='ltr'><strong>existunt,</strong></span> <span class='ocrx_word' id='word_1_341' title='bbox 842 3691 997 3760; x_wconf 83' lang='lat' dir='ltr'><strong>emergunt</strong></span> <span class='ocrx_word' id='word_1_342' title='bbox 1008 3688 1061 3738; x_wconf 79' lang='lat' dir='ltr'><strong>aut</strong></span> <span class='ocrx_word' id='word_1_343' title='bbox 1075 3699 1145 3738; x_wconf 88' lang='lat' dir='ltr'><strong>suc·</strong></span> 
     </span>
     <span class='ocr_line' id='line_1_39' title="bbox 40 3765 1145 3846; baseline -0.008 -14"><span class='ocrx_word' id='word_1_344' title='bbox 40 3779 102 3826; x_wconf 65' lang='lat' dir='ltr'><strong>*Vt</strong></span> <span class='ocrx_word' id='word_1_345' title='bbox 116 3771 186 3832; x_wconf 87' lang='grc'><strong>880.</strong></span> <span class='ocrx_word' id='word_1_346' title='bbox 209 3781 400 3844; x_wconf 72' lang='lat' dir='ltr'><strong>materterae,</strong></span> <span class='ocrx_word' id='word_1_347' title='bbox 424 3789 503 3830; x_wconf 80' lang='lat' dir='ltr'><strong>nova</strong></span> <span class='ocrx_word' id='word_1_348' title='bbox 517 3790 567 3828; x_wconf 86' lang='lat' dir='ltr'><strong>sa·</strong></span> <span class='ocrx_word' id='word_1_349' title='bbox 609 3765 734 3843; x_wconf 79' lang='lat' dir='ltr'><strong>cedunt,</strong></span> <span class='ocrx_word' id='word_1_350' title='bbox 763 3771 895 3846; x_wconf 72' lang='lat' dir='ltr'><strong>excipere</strong></span> <span class='ocrx_word' id='word_1_351' title='bbox 918 3788 972 3826; x_wconf 86' lang='lat' dir='ltr'><strong>nos</strong></span> <span class='ocrx_word' id='word_1_352' title='bbox 992 3765 1145 3840; x_wconf 85' lang='lat' dir='ltr'><strong>dicuntur,</strong></span> 
     </span>
     <span class='ocr_line' id='line_1_40' title="bbox 39 3851 1145 3934; baseline -0.004 -24"><span class='ocrx_word' id='word_1_353' title='bbox 39 3853 78 3923; x_wconf 72' lang='lat'><strong>1³,</strong></span> <span class='ocrx_word' id='word_1_354' title='bbox 95 3853 230 3930; x_wconf 79' lang='lat' dir='ltr'><strong>lrondes,</strong></span> <span class='ocrx_word' id='word_1_355' title='bbox 251 3874 383 3934; x_wconf 75' lang='lat' dir='ltr'><strong>gemmae</strong></span> <span class='ocrx_word' id='word_1_356' title='bbox 401 3864 457 3914; x_wconf 90' lang='lat' dir='ltr'><strong>etc.</strong></span> <span class='ocrx_word' id='word_1_357' title='bbox 480 3853 567 3914; x_wconf 82' lang='lat' dir='ltr'><strong>labo-</strong></span> <span class='ocrx_word' id='word_1_358' title='bbox 608 3851 690 3912; x_wconf 89' lang='lat' dir='ltr'><strong>utin</strong></span> <span class='ocrx_word' id='word_1_359' title='bbox 702 3852 767 3912; x_wconf 91' lang='lat' dir='ltr'><strong>illo:</strong></span> <span class='ocrx_word' id='word_1_360' title='bbox 789 3853 879 3914; x_wconf 71' lang='lat' dir='ltr'><strong>attat</strong></span> <span class='ocrx_word' id='word_1_361' title='bbox 888 3851 998 3912; x_wconf 72' lang='lat' dir='ltr'><strong>bouum</strong></span> <span class='ocrx_word' id='word_1_362' title='bbox 1010 3871 1078 3910; x_wconf 80' lang='lat' dir='ltr'><strong>eom</strong></span> <span class='ocrx_word' id='word_1_363' title='bbox 1091 3871 1145 3908; x_wconf 75' lang='lat' dir='ltr'><strong>ex-</strong></span> 
     </span>
     <span class='ocr_line' id='line_1_41' title="bbox 40 3935 1144 4018; baseline -0.005 -20"><span class='ocrx_word' id='word_1_364' title='bbox 40 3953 107 4012; x_wconf 71' lang='lat' dir='ltr'><strong>unt,</strong></span> <span class='ocrx_word' id='word_1_365' title='bbox 138 3940 199 4000; x_wconf 89' lang='lat' dir='ltr'><strong>scil.</strong></span> <span class='ocrx_word' id='word_1_366' title='bbox 221 3959 260 3998; x_wconf 86' lang='lat' dir='ltr'><strong>ex</strong></span> <span class='ocrx_word' id='word_1_367' title='bbox 279 3940 441 4018; x_wconf 81' lang='lat' dir='ltr'><strong>frigoreae</strong></span> <span class='ocrx_word' id='word_1_368' title='bbox 468 3941 567 4000; x_wconf 85' lang='lat' dir='ltr'><strong>calore</strong></span> <span class='ocrx_word' id='word_1_369' title='bbox 609 3943 697 4015; x_wconf 83' lang='lat' dir='ltr'><strong>cepit.</strong></span> <span class='ocrx_word' id='word_1_370' title='bbox 741 3939 789 4000; x_wconf 84' lang='lat' dir='ltr'><strong>lte</strong></span> <span class='ocrx_word' id='word_1_371' title='bbox 800 3937 921 3998; x_wconf 86' lang='lat' dir='ltr'><strong>videtur</strong></span> <span class='ocrx_word' id='word_1_372' title='bbox 940 3935 972 3996; x_wconf 92' lang='lat' dir='ltr'><strong>h.</strong></span> <span class='ocrx_word' id='word_1_373' title='bbox 986 3937 1006 3996; x_wconf 94' lang='lat' dir='ltr'><strong>l.</strong></span> <span class='ocrx_word' id='word_1_374' title='bbox 1021 3935 1144 3994; x_wconf 84' lang='lat' dir='ltr'><strong>dietum.</strong></span> 
     </span>
     <span class='ocr_line' id='line_1_42' title="bbox 40 4020 1142 4102; baseline -0.005 -17"><span class='ocrx_word' id='word_1_375' title='bbox 40 4025 178 4100; x_wconf 63' lang='lat' dir='ltr'><strong>umquem</strong></span> <span class='ocrx_word' id='word_1_376' title='bbox 221 4025 413 4101; x_wconf 85' lang='lat' dir='ltr'><strong>molestiam,</strong></span> <span class='ocrx_word' id='word_1_377' title='bbox 460 4020 566 4088; x_wconf 82' lang='grc' dir='ltr'><strong>πόνον.</strong></span> <span class='ocrx_word' id='word_1_378' title='bbox 610 4023 730 4102; x_wconf 78' lang='lat' dir='ltr'><strong>Alioqui</strong></span> <span class='ocrx_word' id='word_1_379' title='bbox 757 4041 864 4098; x_wconf 83' lang='lat' dir='ltr'><strong>exeo,</strong></span> <span class='ocrx_word' id='word_1_380' title='bbox 899 4021 982 4100; x_wconf 88' lang='lat' dir='ltr'><strong>quod</strong></span> <span class='ocrx_word' id='word_1_381' title='bbox 999 4023 1142 4100; x_wconf 77' lang='lat' dir='ltr'><strong>excipere,</strong></span> 
     </span>
     <span class='ocr_line' id='line_1_43' title="bbox 42 4097 1145 4187; baseline 0 -24"><span class='ocrx_word' id='word_1_382' title='bbox 42 4097 265 4180; x_wconf 80' lang='lat' dir='ltr'><strong>(Wunderlielrio</strong></span> <span class='ocrx_word' id='word_1_383' title='bbox 279 4111 401 4170; x_wconf 86' lang='lat' dir='ltr'><strong>videtur</strong></span> <span class='ocrx_word' id='word_1_384' title='bbox 415 4109 566 4170; x_wconf 87' lang='lat' dir='ltr'><strong>crescendi</strong></span> <span class='ocrx_word' id='word_1_385' title='bbox 608 4109 733 4187; x_wconf 86' lang='lat' dir='ltr'><strong>benigne</strong></span> <span class='ocrx_word' id='word_1_386' title='bbox 746 4110 873 4186; x_wconf 88' lang='lat' dir='ltr'><strong>aliquem</strong></span> <span class='ocrx_word' id='word_1_387' title='bbox 892 4117 1039 4184; x_wconf 84' lang='lat' dir='ltr'><strong>tractare,</strong></span> <span class='ocrx_word' id='word_1_388' title='bbox 1059 4107 1145 4168; x_wconf 82' lang='lat' dir='ltr'><strong>love-</strong></span> 
     </span>
     <span class='ocr_line' id='line_1_44' title="bbox 43 4185 1145 4278; baseline -0.001 -27"><span class='ocrx_word' id='word_1_389' title='bbox 43 4185 114 4252; x_wconf 78' lang='lat' dir='ltr'><strong>ltbor</strong></span> <span class='ocrx_word' id='word_1_390' title='bbox 148 4195 315 4276; x_wconf 82' lang='lat' dir='ltr'><strong>significari.</strong></span> <span class='ocrx_word' id='word_1_391' title='bbox 348 4193 444 4278; x_wconf 74' lang='lat' dir='ltr'><strong>We.)</strong></span> <span class='ocrx_word' id='word_1_392' title='bbox 480 4209 566 4254; x_wconf 77' lang='lat' dir='ltr'><strong>torua</strong></span> <span class='ocrx_word' id='word_1_393' title='bbox 608 4214 657 4270; x_wconf 86' lang='lat' dir='ltr'><strong>re,</strong></span> <span class='ocrx_word' id='word_1_394' title='bbox 693 4193 849 4273; x_wconf 79' lang='lat' dir='ltr'><strong>designat,</strong></span> <span class='ocrx_word' id='word_1_395' title='bbox 890 4193 1018 4272; x_wconf 80' lang='lat' dir='ltr'><strong>petitum</strong></span> <span class='ocrx_word' id='word_1_396' title='bbox 1048 4191 1145 4252; x_wconf 88' lang='lat' dir='ltr'><strong>videri</strong></span> 
     </span>
     <span class='ocr_line' id='line_1_45' title="bbox 42 4277 1144 4361; baseline 0.002 -25"><span class='ocrx_word' id='word_1_397' title='bbox 42 4280 128 4355; x_wconf 74' lang='lat' dir='ltr'><strong>quies,</strong></span> <span class='ocrx_word' id='word_1_398' title='bbox 160 4281 198 4340; x_wconf 86' lang='lat' dir='ltr'><strong>de</strong></span> <span class='ocrx_word' id='word_1_399' title='bbox 222 4281 387 4361; x_wconf 82' lang='lat' dir='ltr'><strong>tranquille</strong></span> <span class='ocrx_word' id='word_1_400' title='bbox 402 4281 471 4341; x_wconf 84' lang='lat' dir='ltr'><strong>anni</strong></span> <span class='ocrx_word' id='word_1_401' title='bbox 487 4291 566 4340; x_wconf 85' lang='lat' dir='ltr'><strong>tem-</strong></span> <span class='ocrx_word' id='word_1_402' title='bbox 609 4281 717 4360; x_wconf 85' lang='lat' dir='ltr'><strong>possit,</strong></span> <span class='ocrx_word' id='word_1_403' title='bbox 748 4289 783 4340; x_wconf 89' lang='lat' dir='ltr'><strong>ut</strong></span> <span class='ocrx_word' id='word_1_404' title='bbox 805 4279 926 4339; x_wconf 82' lang='lat' dir='ltr'><strong>Caelum</strong></span> <span class='ocrx_word' id='word_1_405' title='bbox 947 4279 1082 4360; x_wconf 80' lang='lat' dir='ltr'><strong>excipere</strong></span> <span class='ocrx_word' id='word_1_406' title='bbox 1097 4277 1144 4338; x_wconf 86' lang='lat' dir='ltr'><strong>di-</strong></span> 
     </span>
     <span class='ocr_line' id='line_1_46' title="bbox 42 4361 1145 4458; baseline -0.003 -34"><span class='ocrx_word' id='word_1_407' title='bbox 42 4363 125 4458; x_wconf 57' lang='lat' dir='ltr'><strong>pfn&#39;e,</strong></span> <span class='ocrx_word' id='word_1_408' title='bbox 145 4368 300 4428; x_wconf 84' lang='lat' dir='ltr'><strong>moderata</strong></span> <span class='ocrx_word' id='word_1_409' title='bbox 316 4368 521 4430; x_wconf 71' lang='lat' dir='ltr'><strong>internecium</strong></span> <span class='ocrx_word' id='word_1_410' title='bbox 536 4374 568 4424; x_wconf 87' lang='lat' dir='ltr'><strong>et</strong></span> <span class='ocrx_word' id='word_1_411' title='bbox 609 4375 695 4425; x_wconf 86' lang='lat' dir='ltr'><strong>catur</strong></span> <span class='ocrx_word' id='word_1_412' title='bbox 709 4365 842 4426; x_wconf 68' lang='lat' dir='ltr'><strong>Tenum.</strong></span> <span class='ocrx_word' id='word_1_413' title='bbox 865 4361 920 4448; x_wconf 82' lang='lat' dir='ltr'><strong>(ite</strong></span> <span class='ocrx_word' id='word_1_414' title='bbox 939 4361 1145 4426; x_wconf 85' lang='lat' dir='ltr'><strong>Wunderlioh.</strong></span> 
     </span>
    </p>
   </div>
   <div class='ocr_carea' id='block_1_8' title="bbox 43 4443 1146 4536">
    <p class='ocr_par' dir='ltr' id='par_1_11' title="bbox 43 4443 1146 4536">
     <span class='ocr_line' id='line_1_47' title="bbox 43 4443 1146 4536; baseline -0.005 -21"><span class='ocrx_word' id='word_1_415' title='bbox 43 4443 130 4527; x_wconf 61' lang='lat' dir='ltr'><strong>lugu</strong></span> <span class='ocrx_word' id='word_1_416' title='bbox 156 4457 210 4514; x_wconf 78' lang='lat' dir='ltr'><strong>icet</strong></span> <span class='ocrx_word' id='word_1_417' title='bbox 234 4475 294 4536; x_wconf 82' lang='lat' dir='ltr'><strong>pro</strong></span> <span class='ocrx_word' id='word_1_418' title='bbox 321 4462 414 4529; x_wconf 85' lang='lat' dir='ltr'><strong>esset,</strong></span> <span class='ocrx_word' id='word_1_419' title='bbox 448 4449 567 4532; x_wconf 70' lang='lat' dir='ltr'><strong>vutgui</strong></span> <span class='ocrx_word' id='word_1_420' title='bbox 613 4448 697 4534; x_wconf 85' lang='lat' dir='ltr'><strong>Wr.)</strong></span> <span class='ocrx_word' id='word_1_421' title='bbox 725 4450 786 4510; x_wconf 84' lang='lat' dir='ltr'><strong>Sed</strong></span> <span class='ocrx_word' id='word_1_422' title='bbox 805 4451 865 4514; x_wconf 86' lang='lat' dir='ltr'><strong>hoe</strong></span> <span class='ocrx_word' id='word_1_423' title='bbox 886 4449 1035 4534; x_wconf 62' lang='lat' dir='ltr'><strong>agritius,</strong></span> <span class='ocrx_word' id='word_1_424' title='bbox 1055 4467 1146 4529; x_wconf 79' lang='lat' dir='ltr'><strong>quem</strong></span> 
     </span>
    </p>
   </div>
   <div class='ocr_carea' id='block_1_9' title="bbox 0 0 1330 5032">
    <p class='ocr_par' dir='ltr' id='par_1_12' title="bbox 0 0 1330 5032">
     <span class='ocr_line' id='line_1_48' title="bbox 0 0 1330 5032; baseline 0 2"><span class='ocrx_word' id='word_1_425' title='bbox 0 0 1330 5032; x_wconf 95' lang='lat' dir='ltr'><strong> </strong></span> 
     </span>
    </p>
   </div>
  </div>
 </body>
</html>
