2758 4990
227 375 589 454 dnouement
609 377 797 474 mem,
821 385 1042 459 aee-eae
1121 383 1197 460 aaa

65 561 280 639 Eridanus:
308 586 390 666 quo
405 585 491 638 non
505 561 601 638 alius
615 585 689 663 per
703 564 864 664 pinguia
879 563 982 642 culta

64 665 116 742 In
132 689 244 741 mare
255 689 505 766 purpureum
520 665 733 742 violentior
749 665 877 746 effluit
893 669 1031 748 amnis.

66 773 286 870 Postquam
302 781 361 844 est
377 769 417 844 in
435 768 595 846 thalami
612 769 829 872 pendentia
845 775 1005 873 pumice
1023 785 1127 850 tecta

66 877 331 967 Perventum,
359 883 400 948 et
413 873 494 948 nati
510 869 628 949 fletus
646 875 831 972 cognovit
844 876 981 952 inanes
1121 882 1199 958 375

68 978 244 1072 Cyrene:
269 975 453 1052 manibus
469 973 642 1078 liquidos
661 976 758 1056 dant
775 977 918 1058 ordine
936 978 1059 1056 fontis

122 1115 209 1190 375.
236 1133 356 1190 enarr

103 1301 157 1356 37³
180 1299 271 1370 ffluit
290 1297 432 1354 occandum
452 1303 596 1354 Romanam
618 1312 644 1354 et
663 1299 765 1370 aliquot
788 1301 868 1354 Pierii
888 1301 990 1370 libros,
1012 1303 1084 1356 idem
1103 1305 1198 1358 Medic.

66 1371 149 1436 ead,
176 1370 296 1438 reposuit
316 1371 407 1424 licina.
441 1369 642 1441 influit-vulgo.
660 1373 857 1441 (oonamemorat
874 1371 941 1426 hanc
954 1373 1074 1426 lectionis
1087 1373 1199 1428 direrai-
1225 1412 1231 1426 .

66 1450 151 1492 tatem
165 1439 243 1491 etiam
261 1439 448 1510 Philargyrlna.
471 1443 531 1494 Wr.
579 1443 682 1562 issant
700 1441 776 1492 Laid.
800 1457 865 1494 am.
883 1459 927 1524 pr.
962 1443 1113 1495 violentius
1127 1445 1198 1498 Toll.

66 1509 122 1565 ³74
146 1512 220 1565 inm
239 1510 356 1562 thalmai
372 1509 474 1563 zulich.
514 1509 592 1561 elan
614 1512 690 1562 entia
716 1509 781 1580 legit
800 1511 937 1576 Velenus,
968 1511 1016 1564 aed
1035 1513 1163 1566 refutatos
1184 1533 1200 1568 a

67 1579 184 1630 Broukh.
197 1577 232 1630 ud
245 1580 296 1630 Pro
317 1590 364 1632 ert.
378 1581 428 1643 111,
451 1581 483 1644 2,
499 1527 551 1643 ἐν,
568 1588 679 1632 notante
692 1580 779 1632 Burm.
838 1583 931 1645 ordea,
949 1583 1050 1651 punice
1063 1583 1196 1636 scribitur.

65 1647 122 1704 ³75
139 1647 269 1704 etaborat
312 1647 378 1701 edic.
391 1667 406 1700 a
419 1665 454 1700 m.
468 1649 647 1718 pr.etllagIo
661 1649 779 1712 Martia,
798 1648 805 1662 '
826 1651 988 1719 omstmtea.
1006 1651 1104 1720 flexae
1117 1654 1198 1705 Goth.

66 1735 122 1770 sec.
157 1717 256 1768 inance
273 1717 435 1773 Burmannus
456 1716 592 1788 reposuit,
614 1735 665 1786 pro
684 1720 794 1783 inania,
819 1735 853 1770 ne
870 1719 991 1786 ambigua
1013 1731 1083 1772 eoaet
1102 1721 1200 1785 lectio,

65 1787 231 1856 praeferrem
252 1785 290 1839 aio
304 1789 419 1850 inaneis,
444 1787 467 1838 ai
480 1786 562 1838 aemel
576 1787 664 1856 prisca
682 1788 816 1856 aequanda
834 1799 902 1840 sunt.
937 1787 1047 1841 (lodices
1062 1799 1147 1843 utrum
1167 1809 1199 1844 ue

68 1855 204 1908 exhibent.
230 1856 333 1923 (inania
372 1857 561 1918 aehiediceua3
588 1856 659 1908 idem
671 1859 746 1922 nati,
772 1858 842 1926 quod
863 1859 1129 1926 quarereatitaerim,
1147 1810 1199 1914 lo-

67 1937 112 1978 cet
126 1927 160 1990 Q.
175 1922 208 1979 V.
223 1873 378 1991 mvii,
395 1928 421 1980 2.
437 1955 470 1964 -
504 1927 565 1982 876·
583 1923 683 1980 titides
696 1925 791 1979 Medic.
806 1945 868 1978 am.
882 1945 923 1998 pr.
943 1927 1016 1995 Wr.)

67 2071 143 2132 371.
154 2065 332 2126 Flauiorum
341 2065 533 2128 diicornibua
545 2075 612 2126 tau·
653 2086 722 2144 rao,
744 2075 780 2129 ut
793 2065 868 2126 adeo
884 2069 924 2127 sit
936 2089 994 2148 pro
1007 2067 1133 2149 fulgens,
1149 2072 1200 2130 ui-

66 2152 143 2214 rinia
156 2171 203 2212 reo
220 2152 379 2214 notissima
423 2153 522 2213 Padus
536 2173 610 2213 vero
653 2162 735 2212 tene:
757 2161 794 2213 ut
807 2155 1104 2233 hemenparpuaeum
1112 2201 1122 2234 ,
1145 2161 1200 2218 nix

13 2313 19 2322 .
66 2237 161 2300 habet
175 2259 287 2298 eomua
302 2251 431 2313 aarum
458 2239 521 2300 aive
534 2257 610 2320 pro-
645 2259 813 2318 purpurea.
861 2237 945 2302 Mara
959 2249 1060 2302 tamen
1080 2263 1200 2323 purpu-

67 2335 139 2404 pter
151 2323 337 2384 fertilitatem
359 2325 422 2406 agri
439 2325 610 2400 adiacentia,
652 2343 740 2383 reum
755 2323 843 2383 aimili
855 2323 946 2382 modo
969 2345 1032 2384 eoae
1048 2327 1200 2406 accipien-

67 2410 132 2469 aive
160 2409 353 2489 simpliciter,
388 2409 458 2488 quia
486 2410 611 2470 deorum
654 2408 752 2484 dum,
781 2409 924 2488 exemplis
954 2410 1061 2474 Catull.
1085 2411 1145 2472 Pel.
1170 2423 1201 2472 et

68 2495 218 2554 attributa
239 2495 366 2554 eollenni
385 2493 518 2574 epitheto
542 2503 614 2554 aunt
657 2491 744 2552 Thet.
766 2497 829 2556 269
842 2525 887 2538 -
906 2495 979 2558 275.
999 2495 1073 2556 Gall.
1093 2495 1200 2574 XVIII,

67 2601 174 2640 aurea.
217 2579 309 2660 Apud
334 2579 503 2648 Martialem
529 2579 560 2638 X
569 2584 615 2654 ,7
660 2583 710 2641 11.
736 2577 794 2636 Cic.
807 2576 899 2636 Acad.
923 2577 983 2652 Qu
998 2580 1055 2654 IV,
1078 2584 1119 2646 33
1138 2603 1200 2642 non

67 2665 207 2726 comibus
220 2687 329 2726 aanor
345 2668 470 2744 receptio
491 2663 616 2724 Rhenus
658 2661 825 2723 conficitur.

67 2751 249 2832 appellatae,
263 2752 346 2812 unde
360 2751 616 2832 Speaciualocum
701 2747 774 2812 874.
803 2746 947 2814 Pervenit
972 2748 1096 2808 taudem
1129 2750 1200 2812 Ari-

68 2837 167 2900 uootri
193 2847 300 2916 poetae
327 2837 497 2901 illuatrabat
523 2835 614 2916 Poly·
658 2843 758 2896 auena
792 2833 832 2896 ed
869 2831 1037 2896 thalamum
1077 2836 1200 2914 mauu,

66 2923 230 2984 mat-nial.
245 2923 325 2998 XIV,
338 2943 368 3003 p.
386 2927 465 3000 281,
486 2923 539 2982 aad
554 2943 614 2982 ora-
651 2919 816 2998 pendentia
824 2922 947 2998 pumice
961 2932 1050 2996 tecta,
1077 2931 1201 2984 anuum

65 3029 138 3072 mm
154 3009 196 3068 ibi
220 3029 289 3070 curn
306 3009 448 3072 cornibus
469 3009 511 3067 nil
525 3007 616 3068 habet
656 3005 843 3086 pumiceum,
865 3005 961 3066 exenia
975 3005 1070 3081 auia,
1094 3006 1133 3068 ad
1149 3028 1201 3068 ca-

67 3111 239 3156 oommnne.
287 3094 336 3154 dd
366 3093 448 3154 sidua
481 3093 614 3169 Eridani,
655 3109 891 3155 marcomerem
912 3111 1041 3154 curvum
1061 3094 1201 3154 atsorni-

67 3179 155 3260 quod
169 3201 308 3255 armare,
330 3179 475 3255 lucidum,
497 3180 544 3254 eit,
561 3187 615 3238 aut
657 3185 781 3256 caum,
815 3195 885 3256 ergo
915 3175 1014 3240 latere
1039 3185 1070 3240 et
1096 3177 1201 3240 thohu

68 3266 254 3328 adrumenta
266 3266 452 3328 fluuium«
465 3265 614 3326 reserabat
656 3271 729 3322 aunt
758 3266 883 3340 pumice
913 3263 1059 3341 pendenti
1069 3286 1082 3335 ;
1119 3263 1201 3325 uude

68 3351 177 3412 Corda.
206 3347 308 3432 (quod
339 3349 448 3430 prohat
476 3351 615 3425 Voaaiua,
656 3346 791 3428 poeticae
802 3367 900 3410 sermo
916 3348 1091 3428 exquisitius
1111 3350 1201 3416 etiam

67 3437 196 3500 laudato
215 3437 291 3498 Plin.
313 3437 461 3512 XXXIII,
478 3436 508 3512 4,
522 3457 545 3496 a.
563 3439 615 3500 21.
657 3445 765 3494 lechem
772 3435 909 3513 pendam
920 3437 1044 3512 pumice
1052 3433 1141 3497 dicit:
1162 3445 1200 3496 ut

73 3521 165 3606 Wr.)
209 3523 492 3603 Impetuoaiaoimum
515 3531 616 3582 autem
657 3520 771 3580 Seneca
787 3519 877 3582 Herc.
893 3519 951 3580 sur.
973 3522 1036 3584 719
1049 3519 1101 3578 hic
1114 3533 1199 3580 vaato

68 3629 191 3670 amnem
217 3609 288 3670 olim
307 3609 424 3668 Padum
442 3609 547 3682 fatuae,
577 3627 617 3666 ex
657 3605 888 3684 apecupendcnt
896 3607 1111 3684 hawuaiteeta.
1136 3607 1201 3666 Ex·

68 3695 137 3756 aliia
170 3695 244 3756 loric
269 3695 464 3764 manifestum¹
489 3701 549 3768 est,
579 3693 615 3752 cl.
658 3699 763 3770 ceptae
789 3690 840 3750 ille
866 3687 999 3768 hospitio
1027 3687 1151 3751 lavatur
1171 3701 1202 3752 et

69 3783 125 3842 Ge.
151 3781 194 3856 ll,
220 3779 293 3846 451.
326 3779 406 3856 452,
433 3797 615 3859 quamquam
657 3795 757 3836 manaa
786 3774 923 3854 apposita
950 3783 1128 3851 recreatum
1164 3776 1201 3838 fit

69 3885 154 3928 nanc
184 3866 248 3926 dno
272 3875 383 3926 nature
410 3865 528 3926 diversa
553 3881 615 3924 eaeo
656 3861 779 3937 libatio,
800 3861 832 3919 iu
846 3859 940 3939 patria
953 3859 1074 3939 quidem
1088 3861 1200 3922 Oceani

68 3961 225 4016 narratur.
267 3955 338 4015 873.
361 3951 406 4026 εἰς
421 3945 480 4013 fita
492 3973 615 4028 nappe·
657 3960 689 4008 et
698 3944 906 4027 Nympharum
918 3943 1199 4012 honorem-883.

69 4034 219 4118 ρὸεσσαν,
257 4037 395 4116 nigrum,
429 4045 466 4098 ut
500 4043 614 4096 notum.
656 4033 739 4093 Inter
750 4031 825 4092 haec
844 4039 960 4106 muter,
982 4051 1072 4110 quam
1086 4052 1125 4092 ex
1138 4033 1200 4094 illio

69 4126 125 4186 tta
143 4124 192 4184 vir
220 4122 329 4182 doctus
355 4120 408 4200 qui
428 4141 615 4199 purpwewn
658 4117 859 4178 calamitatem
877 4115 1015 4178 didieiaae
1034 4127 1066 4177 et
1092 4118 1129 4180 de
1149 4138 1200 4178 re-

69 4231 156 4270 moue
171 4207 502 4270 malitouaalbeacena
537 4207 615 4267 Saue
657 4203 757 4266 madio
775 4202 919 4282 regitanae
939 4211 1029 4282 putu,
1051 4223 1090 4264 ax
1111 4203 1200 4266 flare

65 4315 240 4376 purpureae
257 4313 320 4354 non
342 4311 459 4371 iamper
478 4291 517 4350 ed
530 4292 616 4353 colo-
657 4309 720 4364 ma,
742 4288 815 4350 virro
828 4287 922 4350 libato
941 4291 1096 4364 emicante,
1118 4289 1199 4352 bono

69 4401 139 4444 rem
156 4381 306 4457 refertur-5
334 4397 442 4438 vuum
465 4379 554 4438 efiam
575 4377 616 4438 ad
657 4375 758 4436 omine
786 4381 876 4454 capto
905 4383 1005 4436 aaran
1036 4373 1131 4436 filium
1159 4373 1200 4434 ad

71 4466 265 4546 apiendorem
282 4485 319 4526 ae
342 4463 474 4526 nitorem
494 4483 616 4542 puapu-
657 4461 800 4522 Proteum
818 4458 950 4539 ablegat,
978 4467 1015 4520 ut
1032 4479 1071 4520 ex
1084 4479 1119 4519 eo
1130 4480 1199 4520 mo-

905 4562 990 4632 42*
