2784 4988
611 999 685 1060 EX

250 1162 1029 1279 PRAEFATIONE

66 1422 220 1500 TOMI
259 1425 492 1504 TERTH
523 1415 798 1499 EIUSDEM
829 1422 1060 1499 PRIMAE
1085 1421 1206 1500 EDI-

542 1564 781 1654 TIONIS'

411 1751 573 1804 nxcusr
597 1749 715 1802 auno
740 1747 891 1802 nxxv·
922 1779 925 1785 ,

536 1929 741 1944 Μ

74 2063 255 2216 Absolvi
273 2125 471 2222 tandem,
498 2125 576 2203 deo
599 2125 777 2222 favente,
805 2127 1097 2204 enarrationem
1115 2130 1204 2208 Vir-

74 2224 169 2322 gilii,
195 2253 286 2304 rem
310 2255 400 2306 non
423 2243 505 2304 tam
528 2256 665 2332 perse
690 2231 874 2328 arduam,
910 2257 1031 2334 quam
1047 2231 1204 2310 homini

76 2329 284 2408 molestam
302 2357 348 2412 ac
363 2331 585 2432 difficilem,
610 2335 680 2437 qui
700 2359 785 2411 non
808 2335 885 2414 nisi
895 2353 971 2438 per
986 2336 1202 2434 intervalla,

77 2435 161 2508 satis
185 2435 321 2512 multo
350 2436 555 2515 interdum
577 2439 786 2515 interiecto
806 2451 1013 2539 tempore,
1047 2439 1203 2516 adeam

79 2536 224 2634 redire,
251 2565 333 2616 nec
353 2541 428 2618 nisi
451 2565 598 2641 operae
615 2542 841 2620 subsecivae
857 2555 1014 2642 partem
1031 2539 1079 2618 al'
1110 2567 1204 2616 uam

79 2639 112 2712 ei
125 2641 366 2743 impendere
387 2649 554 2744 poterat
607 2649 711 2724 Cum
724 2645 901 2746 primum
915 2569 1204 2744 spartam'lranc

80 2746 332 2846 studperem,
357 2745 457 2822 nihil
470 2747 637 2850 amplius
653 2775 674 2824 a
689 2773 758 2825 me
773 2745 1057 2849 postulabatur,
1083 2771 1206 2850 quam

82 2859 121 2919 ut
136 2851 333 2950 excerptis
354 2851 469 2928 variis
495 2850 733 2928 lectionibus
751 2864 790 2927 et
805 2849 999 2950 adspersis
1017 2874 1088 2926 seu
1107 2849 1205 2924 alio-

82 2975 164 3024 rum
186 2977 262 3028 scu
285 2955 388 3029 meis
407 2953 500 3030 hinc
522 2954 616 3031 inde
636 2954 786 3032 notulis
812 2955 1051 3029 instruerem
1075 2953 1204 3052 Virgi-

84 3049 172 3128 lium
188 3057 230 3130 in
250 3079 473 3156 puerorum
487 3083 622 3152 usum;
649 3072 695 3158 ut
711 3057 890 3134 librarius
903 3056 1070 3133 haberet
1086 3056 1203 3134 libel-

84 3153 177 3254 lum‚
222 3183 350 3259 quem
387 3161 568 3260 proximo
598 3175 779 3238 mercatu
810 3185 947 3237 rerum
979 3159 1202 3238 forensium

84 3259 297 3338 distrahere
319 3277 455 3364 posset
477 3263 708 3340 venditione
733 3277 866 3366 parata
890 3289 933 3340 ac
953 3263 1066 3344 facili.
1118 3265 1202 3341 Etsi

83 3361 178 3440 bene
194 3391 353 3464 noram,
380 3391 545 3467 operam
561 3393 650 3444 eam
665 3392 750 3444 esse
769 3367 991 3468 expeditam
1007 3381 1047 3444 et
1059 3393 1203 3469 parum

83 3465 307 3562 difficilem,
333 3483 378 3546 ut
392 3483 531 3546 notam
546 3484 584 3547 et
598 3471 917 3548 observationem
932 3471 1080 3570 allinas,
1106 3493 1202 3564 non,

83 3569 220 3666 abiis,
250 3573 320 3674 qui
347 3572 462 3672 legit,
498 3588 634 3650 notam
662 3575 855 3676 requirat,
881 3574 952 3650 scd
974 3573 1063 3666 ubi,
1091 3572 1203 3674 quod

84 3689 209 3772 notes,
239 3677 324 3778 ipse
340 3679 381 3751 in
397 3691 560 3778 promtu
574 3677 740 3772 habeas3
766 3685 877 3774 (eum
895 3691 1030 3754 autem
1042 3699 1202 3754 morem

85 3779 378 3858 commentandi
400 3780 450 3856 ad
476 3795 631 3858 veteres
662 3795 842 3858 auctores
865 3779 1085 3856 multorum
1116 3803 1201 3856 esse

85 3883 249 3960 virorum
275 3883 495 3970 doctorum
518 3881 715 3983 intelligo}
738 3909 881 3986 parum
903 3897 1038 3959 tamen
1055 3883 1202 3986 placuit

88 3987 311 4064 reconditio
329 4001 493 4082 ettam,
521 4013 612 4064 cum
629 4013 674 4064 ea
690 3986 882 4084 ferretur,
910 3999 949 4062 et
966 3987 1093 4064 multo
1116 4013 1201 4062 ma·
1252 3982 1258 3998 '

89 4089 240 4194 sipost,
260 4117 360 4169 cum
377 4113 545 4166 manum
560 4093 673 4192 operi
690 4089 969 4185 admoverem3
985 4116 1074 4168 rem
1092 4091 1201 4168 etaim

92 4191 268 4296 indignam
293 4219 369 4274 me
385 4191 520 4268 facere
535 4194 719 4278 videbam
740 4195 825 4268 viro
843 4193 976 4290 bon0,
1003 4194 1130 4297 quiin
1150 4217 1200 4270 eo

91 4319 204 4403 operae
224 4321 417 4405 genere,
447 4320 533 4476 paro
559 4297 759 4398 publicam
781 4296 990 4375 utilitatem
1016 4299 1201 4400 proposi-

85 4417 136 4486 tam
162 4409 325 4490 habere
365 4411 412 4481 et
475 4401 666 4478 octrinam
693 4399 992 4480 adolescentum
1023 4400 1129 4478 alere
1162 4412 1202 4475 et
