2730 5016
186 375 544 459 GEORGICON
577 377 682 457 LIB.
710 377 779 476 ΙΙΙ,
806 385 973 458 67-76
1066 381 1144 460 616

87 571 256 645 Necnon
271 578 312 642 et
329 564 466 666 pecori
483 577 542 640 est
557 563 666 642 idern
683 565 848 642 dilectus
865 567 1024 669 equino.

48 675 98 746 Tu
112 671 249 768 modo,
277 693 378 771 quos
395 669 437 745 in
457 693 572 770 spem
587 682 733 746 statues
753 669 987 772 submittere
1003 671 1143 772 gentis,

45 774 282 876 Praecipuum
297 775 376 849 iem
396 771 492 848 inde
508 797 530 848 a
545 775 692 877 teneris
704 773 881 875 inpende
899 773 1090 856 laborem.

46 878 225 955 Continuo
239 878 396 979 pecoris
412 877 596 975 generosi
614 875 747 979 pullus
764 878 805 952 in
822 878 922 954 arvis
1090 884 1143 960 75

44 979 147 1058 Altius
163 981 399 1081 ingreditur,
427 992 467 1058 et
481 980 617 1058 mollia
634 1006 747 1058 crura
762 982 943 1083 reponit;

82 1127 135 1198 76.
158 1139 340 1197 neroum

66 1308 97 1362 72
111 1307 224 1390 dilectus
241 1307 366 1390 eMediq.
382 1317 409 1360 et
426 1308 611 1392 vet-Heius,
622 1317 652 1360 ut
665 1317 726 1362 ente
747 1307 864 1362 subeles.
902 1309 992 1392 Vulgo
1013 1309 1142 1362 delectus.

41 1379 325 1500 turstenc
339 1377 664 1500 tuccius..
684 1379 851 1503 {tut
868 1369 906 1499 “t
920 1381 1064 1502 sets

41 1515 160 1595 (innunt.
184 1466 273 1588 (itiam
285 1518 311 1572 8.
326 1517 352 1570 8.
374 1482 463 1586 W'r.)3
479 1517 620 1570 siccamen
637 1517 688 1569 iam
703 1487 842 1570 ediderint
852 1487 977 1586 ’ligusticis
993 1527 1020 1570 st
1033 1467 1143 1586 nangis?

40 1599 88 1636 nos.
119 1589 217 1640 amuis
237 1586 325 1656 vulgo.
359 1599 458 1658 gentes
474 1589 583 1640 Roman.
653 1587 687 1642 75
703 1605 857 1660 generosus
874 1587 959 1642 Certa
970 1587 1068 1655 edidit,
1085 1587 1142 1640 sine

40 1655 184 1710 endoritete.
254 1659 290 1712 76
306 1657 424 1728 reflectit
439 1655 588 1726 Cantabrig.
1163 1678 1166 1686 ¹

39 1827 111 1886 sertis
124 1829 246 1892 notione
258 1841 304 1892 eet
317 1831 426 1912 eligere
439 1839 471 1890 et
483 1829 559 1890 sub·
600 1827 799 1890 removendis.
830 1830 875 1890 Its
890 1829 1059 1891 discemere
1073 1831 1143 1890 lieet

39 1911 151 1974 nituere.
600 1917 690 1996 plura
706 1923 819 1974 temere
840 1917 971 1978 confusa.
1014 1917 1055 1976 tn
1067 1935 1144 1998 poe-

71 2003 107 2063 72
120 2031 162 2046 -
175 2005 248 2066 137.
270 2000 509 2081 Sequiturlocus
523 1997 561 2060 de
602 2011 647 2078 te,
681 2009 834 2083 permutet
856 2021 945 2064 voces
967 2024 1092 2083 gregem
1112 2013 1143 2064 et

39 2099 164 2160 quorum
195 2107 288 2164 curu,
320 2096 351 2148 et
377 2087 498 2166 quidem
524 2085 563 2146 de
604 2101 758 2163 armenta,
790 2097 827 2148 ut
842 2109 919 2168 grex
945 2109 1028 2152 nune
1047 2109 1143 2169 equo-

38 2169 184 2231 edmissure
209 2193 306 2251 usque
340 2172 380 2234 ul
406 2175 479 2237 208.
527 2172 564 2232 In
604 2194 675 2234 rum
689 2175 742 2250 sit,
763 2173 808 2232 ita
823 2185 854 2235 et
864 2195 969 2253 pecus.

38 2271 99 2332 equo
118 2259 291 2318 admissario
315 2259 464 2338 seligendo
484 2277 562 2338 quae
646 2259 697 2324 75.
713 2259 868 2335 Continuo,
884 2261 992 2340 primo.
1020 2260 1062 2320 De
1076 2261 1144 2321 for-

37 2340 83 2400 sint
93 2344 251 2422 spectanda
272 2349 322 2410 75.
331 2345 561 2424 signsoiorme,
603 2365 652 2404 me
667 2341 778 2403 becci.
792 2345 933 2424 Georgi,
951 2349 1021 2411 169.
1053 2344 1143 2429 (Sen-
1237 2389 1238 2394 κ

36 2425 151 2507 neuen,
172 2431 292 2506 enimc,
314 2431 430 2508 colore,
452 2439 560 2506 secate,
602 2428 1143 2493 tentiabormnverborumbueeest:

36 2519 88 2573 ium
104 2525 133 2575 et
150 2516 561 2596 vs100parencesscstir-
603 2517 713 2574 Stetim
736 2534 775 2574 ex
791 2517 924 2590 incessu,
958 2537 984 2576 s.
998 2516 1064 2595 ipso
1083 2517 1143 2577 inm

36 2617 105 2676 penu
130 2603 316 2664 elamitetem
341 2612 374 2663 et
398 2603 561 2684 impatien-
603 2621 642 2661 ex
669 2601 785 2660 incessu
811 2602 982 2660 coniectura
1002 2601 1040 2660 de
1066 2621 1142 2680 equo

36 2683 95 2745 titus
118 2687 150 2748 in
176 2689 345 2766 uniente,
381 2690 421 2748 ad
446 2693 508 2754 122
530 2697 561 2746 et
601 2687 668 2748 fieri
691 2685 813 2766 poterit.
865 2687 1067 2746 Comicuoest
1085 2708 1143 2754 no·
1237 2673 1245 2698 ⁸
1334 2719 1335 2746 t

35 2771 134 2833 victum
148 2775 354 2853 reliquumque
371 2795 474 2835 curam
487 2773 561 2834 sub-
603 2783 701 2834 stium
719 2771 839 2850 gleicls,
868 2771 979 2852 cosm,-
1014 2773 1067 2832 eir.
1089 2774 1142 2833 Ge.

36 2855 137 2937 iungit,
165 2861 224 2920 sub
253 2861 352 2941 ipsum
378 2861 562 2920 edmissuree
602 2859 633 2934 1,
657 2861 797 2923 60169.
820 2857 875 2934 ΙΙΙ,
893 2859 964 2923 158.
981 2861 1054 2922 271.
1069 2858 1142 2922 468.

34 2949 136 3024 tempus
147 2946 474 3026 etisminequsbus-
490 2949 561 3010 187.
603 2945 707 3005 tenne
723 2963 795 3002 mox
814 2961 870 3022 per
890 2945 971 3019 iarn,
1000 2963 1074 3003 mox
1088 2963 1143 3023 per

35 3029 75 3090 73.
94 3032 250 3111 &quisita
263 3033 419 3108 verietate,
440 3034 562 3092 utSer-
603 3033 707 3090 statc'm
734 3027 878 3108 explicari
905 3037 1015 3110 potest.
1045 3027 1141 3110 Wr.)
1173 3079 1178 3086 .

33 3113 88 3174 u'iu
109 3117 244 3193 noterit,
281 3137 350 3180 eum
378 3119 417 3178 de
438 3118 561 3178 murino
599 3130 715 3195 pecus,
730 3113 762 3174 b.
776 3115 797 3173 Ι.
812 3114 955 3194 equinum
968 3136 998 3176 v.
1007 3119 1058 3180 72.
1079 3115 1143 3174 No-

33 3217 125 3276 genere
152 3211 276 3284 egeret,
308 3213 435 3272 matrem
463 3223 561 3279 nune,
603 3211 651 3261 tus
670 3199 726 3259 bes
747 3201 943 3280 generosioris
972 3201 1047 3282 pulli
1070 3201 1143 3260 illu·

34 3303 90 3346 com
110 3287 146 3348 de
167 3289 295 3368 equino,
315 3299 434 3370 petrem
449 3289 562 3349 admis-
603 3295 704 3346 suant
730 3286 797 3345 loce
826 3307 844 3346 n
872 3286 969 3346 Cerdo
994 3295 1142 3366 congesta:

33 3373 130 3433 serium
148 3375 301 3436 describit.
323 3375 497 3435 &cimirun
512 3373 561 3434 di·
603 3372 674 3433 vide
689 3371 828 3451 Xenopb.
849 3372 887 3432 de
904 3392 938 3432 re
951 3371 1081 3450 equestri
1095 3391 1142 3450 pr.

32 3456 100 3518 dtur
119 3463 260 3522 universe
283 3460 322 3520 de
347 3461 398 3538 iis,
420 3461 473 3540 qui
488 3459 562 3520 sub-
602 3459 700 3518 Verre
714 3459 750 3517 li.
765 3457 801 3518 tt.
815 3459 851 3534 ΙΙ,
862 3462 891 3523 7.
901 3457 1014 3518 Colum.
1029 3455 1078 3530 VI,
1091 3459 1142 3519 29.

32 3543 190 3608 sumuntur
203 3547 236 3608 in
249 3547 494 3622 eliorumleciun,
508 3553 563 3606 eut
604 3545 738 3625 Geopon.
748 3543 855 3619 xv1‚1
872 3551 902 3602 et
915 3547 944 3606 2.
973 3541 1056 3601 inter
1069 3558 1142 3620 poe-

32 3629 64 3686 td
79 3630 282 3713 supplendum
290 3651 408 3712 gregem
422 3633 563 3708 uantum
603 3639 660 3705 tas,
678 3637 799 3710 prseter-
812 3629 992 3708 Oppianum,
1014 3625 1066 3704 qui
1076 3623 1142 3684 Me-

31 3713 83 3776 u'd
106 3739 171 3800 sup.
193 3718 233 3778 ed
252 3719 315 3778 Ecl.
336 3719 365 3794 1,
387 3716 447 3796 465
476 3736 559 3778 nunc
604 3735 708 3776 renem
727 3723 795 3774 ente
815 3715 918 3774 oculos
940 3711 1077 3771 habuisse
1093 3710 1142 3771 vi-

32 3806 140 3882 preprie
164 3804 203 3864 de
230 3804 329 3883 equis,
363 3805 416 3882 qui
441 3803 481 3862 ed
506 3802 563 3861 ed·
606 3801 713 3876 detur,
736 3801 843 3880 Cyneg.
859 3799 881 3874 Ι,
897 3801 967 3872 178,
980 3797 1018 3857 cf.
1033 3797 1143 3856 Neme-

31 3885 178 3950 missursm
198 3889 338 3966 aluntur,
366 3887 398 3950 h.
413 3898 449 3950 ut
468 3889 499 3948 in
514 3889 563 3948 Ιο-
604 3888 678 3947 sien.
695 3888 804 3966 Cyneg.
821 3883 884 3949 240
900 3903 963 3960 sqq.
984 3901 1023 3942 ex
1037 3889 1142 3942 nostro

31 3977 247 4052 mutuorum,
269 3977 386 4036 iettuee
399 3974 561 4050 inutilium,
603 3971 818 4046 illustrandus,
855 3977 887 4028 et
916 3968 1056 4048 Celpurn.
1079 3967 1142 4030 nel.

32 4054 79 4134 ipsi
107 4061 278 4122 succedent.
326 4061 406 4120 Setis
437 4060 562 4120 definite
604 4059 654 4134 vt,
664 4059 703 4124 51
721 4075 785 4134 sqq.
811 4054 942 4114 Osonine
955 4053 994 4112 ed
1009 4052 1142 4132 antiqui-

32 4161 72 4201 ree
84 4156 113 4206 et
126 4147 272 4229 expedite
281 4145 414 4221 edieeto,
436 4149 561 4224 inspem
602 4153 697 4204 tutem
711 4142 755 4202 rei
769 4139 914 4218 equestris
925 4139 1073 4199 videndus
1081 4139 1142 4198 Bo-

31 4236 145 4310 gregis;
175 4235 366 4314 praecipuam
392 4251 496 4291 eurem
524 4231 561 4289 iis
604 4225 996 4304 chertliierozoiedbdsq.
1017 4227 1068 4289 76.
1081 4225 1142 4283 Ai-

32 4313 174 4395 impende,
203 4339 293 4398 qnos,
314 4328 352 4378 ut
373 4316 562 4395 noveproles
603 4319 662 4374 niis
677 4312 859 4390 ingreditur,
882 4310 979 4370 vano
993 4311 1013 4370 l.
1029 4309 1050 4370 l.
1066 4309 1142 4368 Orro-

33 4397 94 4460 inde
107 4413 259 4482 neseetiir,
278 4404 361 4466 voles
380 4401 563 4462 substituere
603 4399 683 4460 n'bus
692 4400 777 4456 secus
799 4409 827 4455 et
846 4395 1028 4476 aequalibus.
1049 4394 1142 4454 Colu-

34 4487 205 4552 admiseris
222 4499 348 4571 propter
361 4488 442 4550 vires
453 4489 562 4548 bactu
603 4481 747 4548 meibbi.
768 4481 945 4563 aequandus
963 4493 1053 4563 usque
1069 4481 1141 4540 adis
