2784 4988
171 1497 176 1506 -
316 1373 992 1547 rulerarro

192 1643 624 1730 PHILIPPI
668 1641 1114 1732 WAGNERI.

93 2013 226 2143 Ante
251 2057 337 2141 hos
364 2073 464 2142 octo
487 2085 628 2148 annos
654 2079 834 2148 auctore
855 2061 901 2146 F.
920 2062 976 2146 A.
1000 2057 1053 2148 G.
1074 2061 1222 2180 Spoh-

92 2186 182 2290 nio,
200 2185 333 2269 cuius
347 2185 588 2271 immatura
601 2215 722 2270 mors
739 2215 843 2272 cum
859 2186 970 2270 alios
988 2186 1220 2302 plurimos,

93 2319 191 2388 uun
206 2331 282 2386 me
302 2303 592 2400 vehementer
607 2304 784 2409 afflixit,
807 2303 983 2420 Virgilii
996 2303 1223 2420 Heyniani

97 2419 245 2505 denuo
276 2419 445 2504 edendi
468 2421 697 2536 negotium
722 2422 837 2508 mihi
860 2423 1125 2508 mandatum
1158 2440 1222 2508 est

99 2539 152 2622 ab
168 2537 487 2622 honestissimo
503 2537 781 2624 Redemtore.
845 2535 975 2642 Quae
989 2569 1060 2624 res
1077 2567 1223 2651 quum

93 2655 231 2760 mihi,
264 2656 346 2768 qui
372 2673 573 2740 veterum
597 2675 832 2774 poetarum
858 2656 1005 2740 studio
1030 2655 1220 2741 mirifice

93 2803 275 2888 semper
294 2773 536 2858 delectatus
558 2804 677 2880 sum,
709 2775 959 2890 gratissima
975 2801 1069 2858 esse
1086 2788 1220 2886 atque

96 2892 411 3007 acceptissima
435 2891 639 2998 deberet,
678 2891 840 2977 eadem
866 2919 979 2975 onus
1008 2889 1222 3007 imposuit

93 3008 410 3122 gravissimum
439 3010 573 3126 plane
602 3011 835 3127 imparato.
894 3007 1048 3094 Erexit
1069 3026 1218 3094 tamen

94 3129 321 3228 animum,
342 3143 437 3212 tum
453 3127 523 3212 vel
539 3130 735 3214 maxime
752 3129 1088 3238 ingravescente
1099 3153 1221 3212 mor-

3 3272 5 3330 t
94 3245 259 3328 bortrm
281 3244 325 3326 vi
342 3271 605 3360 oppressum
629 3273 683 3332 ao
701 3246 1002 3350 debilitatum,
1033 3244 1221 3360 ipsein-

3 3406 4 3464 3
92 3363 236 3476 gemis
256 3362 426 3478 incepti
447 3363 674 3476 eogita1i03
709 3379 751 3446 et
774 3381 991 3475 quantum
1006 3363 1219 3478 temporis

3 3471 4 3496 ยน
91 3507 287 3583 munus,
307 3487 401 3592 'quo
420 3483 594 3594 fungor,
610 3481 941 3585 scholasticum,
961 3478 1221 3564 laboriosis-

91 3595 262 3680 simum
282 3595 396 3680 illud
413 3595 609 3710 quidem,
642 3599 866 3711 reliquum
880 3598 993 3682 mihi
1015 3595 1121 3678 feeit
1141 3613 1220 3681 aut

4 3711 5 3728 ยน
93 3713 367 3798 valetudinis
387 3713 622 3800 infirmitas
641 3715 873 3821 concessit,
883 3715 943 3820 id,
954 3712 1219 3829 posthabitis

4 3875 7 3940 ss
92 3831 253 3916 ceteris
282 3833 439 3936 rebus,
477 3833 524 3915 in
548 3834 711 3946 quibus
737 3833 865 3918 multi
886 3833 1002 3916 vitae
1028 3830 1220 3946 positam

92 3967 253 4066 putant
286 3949 578 4056 suavitatem,
619 3979 749 4035 omne
774 3949 995 4064 impertiri
1016 3944 1218 4064 Virgilio,

95 4067 222 4178 quasi
238 4065 502 4152 dulcissimo
523 4067 734 4152 familiari
759 4097 884 4173 meo,
914 4094 942 4150 a
966 4094 1053 4178 quo
1078 4081 1120 4148 et
1147 4065 1219 4148 iu-

11 4222 15 4233 =
95 4185 429 4270 cundissimum
469 4186 547 4268 otii
578 4187 671 4270 mei
706 4189 902 4270 fructum
933 4200 976 4267 et
1006 4181 1219 4266 exantlati

95 4303 347 4412 quotidiani
364 4301 532 4386 laboris
545 4303 800 4419 praemium
817 4319 1014 4418 peterem
1033 4315 1219 4416 exopta-

95 4421 328 4508 tissimum.
394 4415 499 4522 Oua
521 4421 570 4504 in
595 4449 643 4503 re
667 4419 780 4504 illud
802 4436 954 4504 tamen
976 4416 1219 4532 diligentis-

92 4535 198 4625 sime
232 4535 498 4626 oavendum
529 4537 644 4622 mihi
676 4537 951 4642 existimavi,
993 4534 1218 4652 privatum

973 4675 1025 4738 a*
