2634 5012
230 441 302 516 sss
330 395 691 516 croscroon
716 441 862 518 mss
1026 451 1102 523 sss

37 629 149 705 sstdossi,
168 637 195 689 et
212 631 267 692 alio
289 631 380 691 modo
399 632 604 708 construitur,
629 651 698 690 cum
711 631 845 709 infinito,
867 631 892 692 si
911 639 1014 695 tamen
1029 635 1102 695 mis-

35 735 80 772 snm
91 713 117 772 id
134 715 228 794 facias,
256 719 448 798 grammatice
474 739 537 778 non
564 723 665 798 potest
691 716 795 776 obtusa
818 719 914 797 repeti
941 721 983 781 sic
1003 721 1102 799 nude;

36 809 198 862 mucuserst:
217 825 308 884 neque
320 805 438 864 vs'cletur
445 807 526 862 acies
541 805 635 862 stellis
652 802 769 878 obnisa,
793 803 882 864 debet
906 805 981 866 adeo
1000 808 1101 887 sequi:

34 907 98 963 seque
114 887 216 946 videus
228 893 307 948 acies
324 889 428 948 obtuso
444 891 553 949 qure
563 933 572 966 ,
604 909 675 948 casu
693 889 802 964 tertio,
824 893 864 975 τῇ
880 887 1018 978 Σελήνῃ
1038 913 1102 953 non

34 979 116 1046 antem,
134 995 181 1031 nec
193 977 282 1034 Luna
296 976 414 1035 videam
434 994 573 1056 „surgere
585 975 701 1034 obtusa.
710 978 728 1009 “

86 1055 223 1136 Aggressus
235 1080 315 1122 eram
328 1081 398 1121 cum
411 1061 484 1120 viris
500 1060 595 1120 doctis
609 1061 710 1120 Iocum
727 1059 974 1140 interpretatione
990 1062 1101 1123 altera:

33 1153 50 1197 et
59 1143 130 1200 Licea
141 1145 248 1205 viduus
263 1169 382 1226 surgere
398 1144 545 1228 (cernitur
558 1145 692 1228 surgens)
708 1150 794 1222 oriri,
810 1169 872 1205 non
886 1146 1014 1206 obnoxio
1030 1149 1102 1225 sra-
1135 1199 1138 1204 .

31 1229 162 1304 aarum,
184 1233 250 1308 soIi5
272 1233 356 1312 quasi
369 1241 458 1292 esset:
479 1233 524 1292 ita
538 1241 649 1292 utnon
663 1233 703 1291 sit
718 1231 863 1308 obnoxia,
885 1253 947 1292 non
959 1233 1102 1294 videatur
1136 1271 1139 1280 ι

31 1329 70 1368 esse
82 1314 191 1374 obnoxia
196 1339 205 1394 3
226 1328 261 1380 ut
272 1339 375 1380 sensus
391 1328 484 1378 esset:
507 1320 579 1378 luna
599 1328 663 1378 tarn
676 1317 756 1377 clara
778 1327 809 1376 et
823 1339 899 1399 pura
912 1319 979 1378 luce
994 1319 1101 1396 oritur,

30 1394 94 1472 Iacet,
113 1409 213 1462 utnon
228 1405 284 1463 soIi
298 1405 406 1464 debere
418 1405 531 1480 lucem,
554 1404 608 1463 sed
618 1405 741 1485 propria
755 1405 822 1463 luce
842 1405 942 1464 lucere
952 1404 1101 1466 videatur.

29 1481 54 1538 n
62 1504 120 1560 quae
132 1487 247 1548 tandem
263 1491 397 1570 argutiae
408 1489 465 1550 hae
477 1492 565 1550 sunt!
587 1510 626 1548 an
638 1491 712 1549 luna
725 1491 881 1550 clariorem
901 1491 998 1549 lucem
1014 1489 1102 1550 habi-

29 1575 73 1626 tura
89 1581 165 1648 osset,
192 1574 215 1632 si
236 1577 361 1656 propria
382 1577 450 1636 luce
471 1575 606 1636 luceret?
628 1576 710 1638 unde
720 1575 780 1636 hoc
794 1577 938 1656 suspicari
949 1577 1041 1636 licet?
1063 1597 1103 1634 an

28 1673 67 1711 ron
78 1658 152 1716 ssole
165 1659 260 1720 luceru
272 1663 445 1722 foeneratur
458 1663 530 1720 satis
545 1663 656 1722 claram
674 1683 709 1721 ac
726 1683 849 1742 puram,
877 1662 968 1722 modo
991 1662 1103 1722 iustum

28 1746 110 1820 tenpus
125 1743 263 1808 redient?
291 1749 422 1809 Venerat
440 1749 473 1807 in
494 1757 641 1824 mentem,
663 1749 825 1808 sententias
838 1748 943 1808 melius
958 1747 1015 1806 sibi
1028 1769 1103 1807 con-

26 1833 92 1902 stare,
109 1830 131 1888 si
152 1851 194 1891 vs.
211 1837 275 1898 396
293 1855 349 1914 pro
372 1838 439 1894 Nec
447 1833 560 1912 fratris
580 1835 730 1914 legeretur
748 1837 790 1894 Es
809 1834 923 1894 adscita
943 1834 1038 1893 altera
1056 1834 1103 1892 Ie-

26 1911 94 1970 ctione
110 1915 223 1978 meliore
244 1923 356 1997 wasleri,
384 1919 444 1980 hoc
466 1919 573 1978 modo:
603 1922 693 1980 Nam
714 1934 893 2000 nequeumt
916 1922 1008 1979 stedia
1022 1921 1103 1978 acies

25 1993 208 2081 asseverari,
232 2007 276 2064 Et
286 2006 399 2086 frumo
420 2005 516 2064 radiis
535 2004 663 2064 obnoxia
684 2027 803 2086 surgere
816 2008 929 2066 Luna:
951 2004 1101 2066 infinitivo

24 2077 137 2162 bitorico,
157 2099 192 2148 ut
204 2090 258 2149 sit:
280 2112 351 2150 nem
364 2104 392 2149 et
407 2091 560 2151 stellarum
575 2092 651 2150 acies
663 2101 740 2168 tum,
762 2091 787 2152 si
799 2093 941 2152 serenitas
954 2091 1102 2166 redditur,

24 2170 120 2231 canitur
133 2195 190 2234 non
204 2176 332 2253 obtusa,
354 2179 396 2235 Et
409 2177 520 2255 surgit,
543 2177 657 2253 oritur,
679 2179 710 2237 in
724 2187 916 2258 conspectum
927 2177 1025 2254 venit,
1040 2178 1103 2236 Lu-

22 2271 57 2327 na,
74 2277 138 2334 quae
150 2279 187 2318 ex
198 2271 309 2323 natura
323 2283 376 2321 sua
389 2271 436 2321 est
460 2262 591 2322 obnoxia
603 2263 707 2322 fratris
720 2264 821 2324 radiis.
864 2264 977 2343 Lapsus
991 2264 1024 2323 in
1039 2262 1103 2322 dis-

22 2337 127 2404 iunctiris
145 2345 243 2406 similis
264 2349 439 2408 observatus
457 2356 502 2406 est
522 2357 553 2406 et
572 2349 635 2408 aliis
655 2349 687 2407 in
701 2349 790 2426 locis,
812 2357 843 2409 et
858 2349 968 2428 legitur
983 2367 1103 2427 quoque
1136 2341 1140 2352 ⁴

21 2425 140 2503 dfraus's
156 2433 237 2512 apud
250 2433 350 2494 Schol.
363 2433 450 2492 Statii
465 2432 558 2492 Theb.
574 2435 615 2509 X,
631 2431 701 2497 146.

78 2514 219 2577 Placebarn
233 2519 309 2580 mihi
319 2521 351 2580 in
362 2518 419 2578 his.
461 2518 535 2578 Mox
546 2527 648 2578 tamen
659 2519 723 2578 vidi
736 2519 859 2597 reIIqua,
882 2537 958 2598 quae
970 2535 1103 2596 sequun-

21 2601 65 2672 ltr,
81 2621 136 2661 non
156 2604 248 2684 magis
272 2607 316 2665 sic
336 2625 398 2664 esse
424 2605 561 2687 apposita
581 2613 612 2664 et
632 2605 857 2664 accommodata
874 2603 972 2664 sensui
987 2611 1102 2682 poetae.

21 2679 136 2762 tumtur
150 2691 230 2750 enim
251 2691 284 2750 in
302 2691 361 2750 iliis
382 2711 433 2766 ea,
454 2709 532 2770 quae
545 2690 714 2764 serenitatis
726 2689 918 2770 prognostica
935 2707 997 2747 esso
1011 2687 1103 2746 debe-

21 2763 80 2830 tart:
109 2777 221 2834 Toranio
242 2797 297 2836 nec
315 2809 360 2822 —
380 2779 456 2836 Non
477 2775 621 2854 tepidum.
672 2777 749 2834 Non
768 2797 816 2834 ons
840 2797 866 2834 s.
913 2775 960 2834 Ita
979 2773 1103 2834 tandem

21 2859 122 2935 perspexi
135 2881 152 2918 s
163 2871 230 2921 toto
246 2870 353 2942 poetae
367 2862 488 2922 consilio
504 2861 637 2920 aberrari
646 2880 700 2941 per
710 2861 800 2920 istam
811 2860 1104 2941 interpretationem,

21 2941 127 3004 tlatere
146 2947 284 3007 fraudem
303 2947 335 3007 in
355 2967 406 3024 eo,
428 2947 511 3027 quod
526 2947 769 3007 animadversum
782 2945 867 3006 haud
881 2956 963 3022 erat,
984 2954 1104 3026 poetam

21 3027 85 3104 pano
95 3051 155 3091 rem
168 3033 321 3094 declarare
334 3034 486 3114 negative,
509 3033 582 3097 dum
595 3033 699 3109 docet,
721 3034 875 3108 obsesses,
897 3051 973 3111 quae
987 3032 1104 3092 instan-

21 3119 56 3174 *ιω
74 3125 273 3199 tempestatem
292 3121 434 3180 nuntiare
451 3119 567 3200 possint
585 3128 615 3178 et
635 3119 751 3180 soleant
757 3140 767 3197 3
795 3129 862 3178 tum
880 3139 925 3179 vs.
948 3117 1006 3183 ¹101
1036 3138 1105 3178 eum

21 3199 127 3262 abiicere
144 3225 193 3284 ea,
223 3225 302 3286 quae
317 3225 389 3266 vere
410 3205 446 3264 iis
467 3213 534 3264 tum
558 3206 770 3290 successerint:
795 3209 839 3264 As
860 3204 985 3264 nebulae
1003 3205 1105 3282 uragu

21 3283 171 3366 trapetum.
219 3291 314 3367 Quod
326 3301 356 3351 et
369 3290 482 3352 Plinius
494 3289 587 3350 habet
601 3291 708 3366 XVIII,
727 3312 749 3350 s.
766 3294 808 3355 88
829 3291 955 3350 nebulae
967 3311 983 3349 e
994 3291 1103 3348 monti-

21 3391 49 3428 m
68 3375 284 3454 dramatum,
316 3389 371 3436 aut
392 3377 477 3436 coelo
497 3376 653 3454 cadentes,
682 3378 732 3440 vel
749 3379 782 3436 tn
809 3375 941 3438 vallibus
967 3373 1104 3448 sidentes,

21 3464 167 3520 sanitatem
176 3468 365 3542 promissum.

73 3545 171 3626 Itaque
190 3551 223 3610 In
247 3569 305 3609 vsa.
328 3547 390 3614 895
406 3581 443 3594 -
457 3544 521 3612 400
532 3547 669 3627 regense
688 3557 778 3629 poeta
791 3547 916 3628 exponit
929 3542 1104 3606 sententiam

21 3645 87 3706 uam,
106 3643 133 3692 et
146 3654 351 3696 successuram
365 3633 438 3692 caeli
453 3633 642 3694 serenitatem
657 3635 809 3694 onsinatur
823 3633 920 3714 primo
938 3649 975 3689 ex
996 3629 1105 3687 absen-

21 3709 39 3770 ia
51 3736 161 3796 eorum,
183 3741 262 3800 quae
274 3721 384 3781 imbres
395 3719 600 3800 impendentes
615 3728 646 3778 et
659 3727 777 3800 tempus
796 3719 968 3800 pluviosam
986 3714 1105 3772 denun-

21 3797 67 3859 isre
78 3808 199 3883 possint.
230 3810 310 3867 Sunt
322 3815 423 3866 autern
435 3803 511 3864 haec
525 3805 597 3866 ista:
619 3807 773 3864 attellanam
790 3805 872 3863 acres
884 3801 1006 3873 obtusa,
1030 3799 1106 3857 hmo

21 3898 96 3966 uem,
115 3891 207 3952 rushes
220 3905 367 3972 tanqawm
376 3892 532 3972 gregales,
555 3884 732 3972 (ἆγεληδδν)
751 3911 809 3968 per
820 3909 919 3947 aerem
932 3897 1031 3959 actae,
1055 3884 1106 3942 al-

21 3991 90 4044 tares
112 3999 148 4036 ex
162 3999 253 4037 sersau
264 3981 402 4037 romeis
414 3979 544 4054 pluvius
559 3977 758 4054 expandentes
783 3975 873 4048 alas,
896 3982 963 4030 aues
977 3981 1107 4027 enormes

21 4053 109 4135 dtfflun
122 4064 308 4142 mampulos.
353 4061 463 4122 Omnia
481 4059 570 4138 haec,
596 4061 734 4140 pluvium
748 4069 865 4138 tempus
888 4055 1105 4130 denuntiantis,

21 4161 69 4202 unc
80 4169 138 4208 non
152 4150 237 4208 cerni
251 4150 309 4226 ait,
331 4169 413 4208 nunc
430 4148 540 4206 abesse.
584 4145 696 4206 Contra
715 4163 788 4205 vero
804 4165 848 4205 vs.
862 4139 921 4207 401
947 4139 1038 4200 nubes
1052 4141 1107 4198 de-

21 4231 125 4294 ceam
137 4239 169 4293 in
182 4247 294 4310 terras,
318 4255 385 4292 aere
399 4245 535 4308 lenitate,
557 4243 585 4289 et
600 4233 757 4290 demittunt
774 4249 805 4288 ce
826 4233 859 4288 in
879 4227 976 4286 valles
984 4271 993 4302 ,
1020 4235 1051 4286 et
1065 4226 1107 4284 sic

21 4333 87 4378 erro.
126 4319 217 4380 Nunc
230 4320 309 4380 enim
325 4319 502 4379 affirmative
522 4317 673 4398 praesagia
693 4313 858 4376 serenitatis
879 4313 1018 4373 instantis
1031 4329 1108 4370 enu-

21 4413 91 4462 srat.
131 4406 358 4466 Sententiarum
371 4403 484 4464 veritas
497 4403 528 4462 in
546 4401 593 4462 Iris
607 4401 760 4479 elucescit,
782 4409 813 4461 et
832 4409 929 4461 totam
940 4399 1000 4460 Ioci
1011 4399 1107 4459 inter·

21 4489 183 4553 rotationem
195 4511 279 4555 mmo
291 4492 323 4552 in
340 4489 426 4552 Notis
439 4488 483 4549 sic
495 4487 614 4549 refinxi.
