2710 4998
221 403 268 478 14
410 399 484 474 nn
520 398 791 497 canutus
831 396 1146 478 eucotrco
1229 382 1240 405 ·

218 599 258 663 et
280 581 453 662 refertur
476 577 691 660 facetum
715 583 884 660 *manino
907 579 957 660 ad
976 579 1039 676 id,
1074 581 1190 682 quod
1216 580 1330 684 placet

218 701 259 766 et
278 685 499 767 iucundum
526 697 604 782 est,
644 698 811 786 propter
839 684 1072 782 elegantiam
1100 683 1274 764 maxime
1298 698 1330 759 et

216 791 414 875 urbanum
436 785 608 889 aliquem
632 787 833 892 leporem
885 785 956 864 sed
981 787 1130 866 molle
1156 786 1219 868 ¹ita
1246 789 1328 864 acci»

217 893 412 998 piendum
435 905 512 990 est,
550 904 600 968 ut
615 893 844 979 suavitatem
872 887 1084 988 significet,
1125 915 1232 992 quae
1253 913 1327 968 nm

217 996 411 1099 aequabili
443 1009 485 1070 et
504 994 669 1075 remisso
696 1019 843 1094 genere
860 995 1077 1072 'coniuncta
1096 1003 1175 1087 est3
1216 1019 1326 1094 oppo-

212 1103 326 1202 ¹nitur
355 1099 464 1176 enim
501 1120 618 1198 epos
650 1093 782 1180 sorte
814 1098 946 1176 Varii
981 1099 1121 1196 acris,
1176 1111 1218 1174 et
1239 1095 1325 1198 apud

164 1302 169 1311 Ι
219 1207 459 1283 Ciceronem
490 1199 655 1281 mollis
682 1215 722 1278 et
747 1199 949 1278 remissa
975 1203 1101 1280 oratio
1121 1201 1324 1279 schemen

216 1307 310 1387 tiori
342 1319 383 1384 et
410 1304 632 1403 intentiori,
671 1329 749 1407 qua
778 1306 898 1388 aniani
920 1303 1113 1403 tumultus
1144 1329 1190 1382 ac
1213 1315 1324 1383 metm

219 1411 447 1492 excitantem,
601 1468 606 1476 ,

319 1517 450 1614 Atque
477 1508 539 1589 his
561 1507 674 1586 dictis
702 1511 764 1586 vir
784 1511 997 1613 quicquain
1016 1508 1249 1591 addendum
1271 1517 1320 1591 est

218 1629 263 1698 ut
279 1613 386 1694 illam
409 1637 601 1708 caussam,
627 1627 824 1718 quaem
849 1613 1010 1692 diversis
1030 1612 1244 1692 hominum
1266 1609 1320 1686 de

219 1735 376 1796 etorum
393 1716 545 1795 iudiciis
560 1713 774 1817 disceptata
795 1731 865 1816 est,
882 1715 1160 1815 diiudicemus,
1185 1727 1318 1792 utrum

218 1820 454 1919 Virgilius
482 1819 752 1900 Theocrito
780 1834 1008 1922 praestet.
1063 1825 1151 1916 Qua
1176 1821 1319 1896 incen-

218 1926 423 2028 paratiune
445 1921 609 2002 difficile
634 1937 695 2000 est
706 1927 889 2028 assequi,
917 1923 1016 2028 quil
1039 1945 1183 2022 magua
1205 1943 1316 1998 eorun

161 2105 176 2122 ,
218 2054 310 2131 pars
328 2040 494 2128 sequuta
515 2028 581 2125 sit,
629 2029 937 2129 qui‚Virgssium
959 2029 1178 2109 Theocrito
1215 2027 1251 2100 iu
1268 2047 1317 2118 ge-

218 2157 318 2212 nere
347 2130 530 2211 bucolico
562 2155 684 2232 quarn
716 2134 885 2214 maxime
922 2131 1229 2211 anteferendum
1255 2147 1316 2202 esse

221 2236 505 2323 existimarunt3
540 2233 614 2312 sed
644 2236 931 2317 consuetudine
959 2235 1063 2330 fere,
1103 2232 1316 2314 auctoritate

221 2360 422 2439 caecoque
435 2336 568 2438 aliquo
584 2363 721 2418 amore
738 2354 778 2418 et
790 2341 947 2441 impetu
960 2365 1028 2418 eos
1044 2335 1136 2422 duci
1151 2335 1314 2425 videreta
1333 2403 1334 2414 ,

220 2465 464 2547 quamquam
486 2441 694 2520 interdum
712 2468 764 2520 ne
783 2443 992 2545 liquidem
1013 2443 1097 2543 ipsi,
1125 2443 1193 2544 qui
1209 2437 1315 2515 Theo-

220 2547 364 2649 critum
391 2543 512 2620 huius
539 2546 721 2623 carminis
739 2569 882 2626 verum
907 2548 1140 2645 magistrum
1161 2567 1239 2622 esse
1259 2538 1313 2654 lars

218 2652 401 2750 giuntur,
433 2647 567 2727 iudicii
587 2649 843 2731 subtilitatem
864 2663 904 2728 et
926 2676 1093 2728 acumen
1113 2647 1230 2726 nobis
1248 2653 1313 2716 satu

220 2753 468 2856 approbent,
502 2749 622 2837 adum
653 2751 741 2830 sere
771 2755 934 2832 minutis
965 2753 1099 2830 nescio
1120 2751 1264 2855 quihus
1282 2751 1311 2860 'el

115 2858 118 2867 '
218 2855 481 2957 grammaticis
504 2879 604 2935 rem
631 2856 849 2940 rationibus
884 2857 1088 2936 decidunt.¹
1127 2847 1311 2949 --virgitn

221 2959 498 3060 elegantiae
529 2957 743 3060 leudem,
787 2961 1045 3060 dignitatis
1079 2973 1126 3038 et
1159 2947 1310 3036 doctri-

221 3087 310 3144 nae
336 3085 459 3138 nemo
486 3062 696 3155 invidebin
735 3064 807 3142 sed
831 3063 1156 3166 simplicitate
1186 3074 1228 3143 ct
1250 3077 1333 3172 ria-r

221 3163 370 3256 turali
406 3164 566 3267 aliqua
602 3181 860 3248 venustate
896 3193 1162 3271 rerumque
1203 3173 1308 3257 cop¹l

226 3291 280 3346 ac
312 3268 555 3346 varietate
588 3274 871 3352 nonninus
899 3272 1030 3350 cedit
1057 3263 1307 3378 Theocrito·

223 3393 365 3475 quam
390 3381 712 3474 ars-naturae,
756 3399 877 3478 quarn
903 3377 1063 3454 vincere
1091 3373 1244 3477 quidem
1266 3357 1308 3436 tlt

222 3497 394 3578 operose
415 3473 461 3552 in
482 3474 665 3572 singulari
688 3479 736 3556 ali
794 3505 814 3555 a
834 3503 880 3556 re
903 3493 1053 3582 potest,
1072 3479 1152 3556 sed
1173 3478 1211 3552 in
1229 3485 1306 3543 sun·

221 3603 287 3654 rna
306 3578 365 3654 rei
387 3577 493 3652 iners
515 3590 555 3652 et
573 3605 672 3673 vana
691 3582 742 3658 ha
773 3582 875 3660 enda
897 3597 967 3662 est.
1006 3587 1180 3678 Verum,
1205 3573 1306 3680 etiam·

221 3683 254 3758 si
280 3707 352 3784 par
376 3679 459 3756 laus
484 3679 644 3783 utrique
666 3686 707 3760 in
730 3688 775 3762 iis
805 3687 897 3788 ipsis
924 3687 1063 3784 retus,
1103 3707 1201 3788 quae
1217 3691 1305 3752 min·

222 3797 442 3882 messum,
482 3799 602 3885 esset,
645 3788 880 3868 Theocritus
901 3803 1036 3866 tamen
1060 3791 1102 3866 in
1130 3812 1177 3865 eo
1195 3777 1304 3884 primis

222 3899 373 3986 tuetur,
420 3887 531 3990 quod
565 3913 610 3965 ea
638 3891 805 3990 invenit,
846 3895 888 3972 in
919 3895 1062 3998 quihus
1091 3869 1303 3972 retractandis

224 3988 321 4065 alter
345 4005 384 4068 et
404 3990 602 4094 poliendis
625 4018 667 4070 se
691 3996 902 4088 continuit3
929 3998 1040 4099 quod
1059 3989 1227 4100 quamve
1245 3997 1303 4096 11¹³·

222 4114 304 4191 3¹¹0
330 4094 568 4201 plerumque
600 4098 759 4198 ingenio
787 4098 937 4178 sactum
963 4125 1086 4178 nemo
1108 4104 1231 4196 negel,
1261 4097 1301 4151 ¹¹¹·

258 4275 500 4350 aracaeum
511 4281 765 4352 mecentnpoecc.
805 4283 905 4334 nm.
926 4282 1066 4336 scamna
1088 4279 1176 4334 amm
1195 4265 1299 4344 &eum

223 4343 271 4402 tib.
286 4350 327 4412 V,
345 4359 373 4400 et
386 4350 431 4418 qui
444 4353 616 4422 enmrequutl
629 4363 705 4418 eunt,
721 4349 764 4404 hic
806 4349 845 4402 ita
864 4361 1014 4420 comparata
1037 4361 1091 4418 est,
1115 4335 1299 4424 utulipttssm'

224 4418 345 4470 excitare.
380 4419 448 4484 Sed,
470 4435 659 4490 queenupene
672 4421 765 4490 ringi-
808 4419 898 4472 iudicii
911 4419 996 4478 critici
1008 4421 1176 4474 subtilitatem
1189 4425 1225 4464 Ν
1239 4407 1298 4454 ¹⁰⁰⁸*

223 4483 254 4540 lii
280 4489 390 4542 editioni
417 4491 550 4542 Romanae
584 4491 687 4545 adiecta
716 4503 766 4558 eet,
