2606 5008
181 391 258 466 sco
323 342 325 353 ⁴
543 373 862 454 excussus
889 375 944 452 1v

178 576 287 656 pulcro
296 584 416 652 pectore
426 573 513 652 virgo
526 567 611 630 Pube
627 580 710 628 necess
716 589 730 642 ,·
748 578 901 646 poso-emo
912 567 1040 624 imrnoni
1051 581 1160 642 corpore
1167 565 1260 640 piscis,
1297 609 1298 618 ,

181 659 372 738 Delplu'num
392 658 509 720 caudas
530 667 611 716 ulau
630 656 789 713 commisso
807 653 948 730 luponem
953 673 966 726 ,·
996 659 1027 710 et
1046 649 1107 714 432
1127 649 1265 728 Scyllum

181 745 326 806 caeruleis
339 743 463 803 casulas
478 743 649 801 resonando
662 760 759 813 scra5
782 736 853 797 edd.
870 737 945 798 ciris
958 737 1001 802 58
1015 757 1077 815 sqq.
1091 739 1129 799 79
1140 755 1178 814 sq.

266 847 399 906 Multum
418 845 523 905 absum
549 843 586 902 ab
610 861 645 902 eo
659 841 799 918 consilio,
827 849 865 900 ut
878 838 1010 900 fabulam
1022 837 1059 896 de
1071 836 1265 916 Sqllauupo
1297 853 1298 856 ¹

180 935 242 994 tius
261 933 377 992 sabulos
396 949 558 1008 recoquere
578 929 685 1004 velim3
715 947 786 990 nam
806 944 931 1005 magnus
950 943 1054 982 carum
1072 941 1199 982 numerus
1215 921 1264 979 luit:

179 1021 251 1080 vide
267 1019 317 1078 vel
333 1016 441 1076 Athen.
454 1015 518 1091 Vll,
534 1036 563 1096 p.
579 1019 651 1078 297.
670 1022 700 1072 et
717 1013 799 1072 (lirin
813 1013 854 1078 55
871 1031 935 1090 sqq.
956 1029 1012 1070 uec
1027 1007 1187 1068 omninode
1203 1006 1266 1086 Scyl-

180 1106 226 1165 loe
240 1105 338 1163 forma
350 1103 472 1178 laboro,
494 1119 600 1162 verum
616 1099 653 1159 de
675 1119 711 1158 co
725 1107 861 1172 tantum,
891 1117 951 1175 qua
972 1096 1070 1175 specie
1083 1093 1162 1152 Mero
1181 1092 1266 1172 Scyllae

180 1191 307 1270 speciem
320 1187 401 1269 apud
415 1187 546 1246 aninum
561 1205 649 1245 suum
664 1185 794 1244 finxerit.
838 1182 942 1243 Videri
962 1182 1042 1240 enim
1053 1179 1265 1260 potutaeeipeo
1297 1213 1298 1245 3

181 1276 340 1350 dissidere,
368 1294 438 1333 cum
458 1273 552 1332 altero
573 1273 640 1330 loco
657 1293 746 1329 omns
758 1271 916 1343 nron'nos,
951 1267 1045 1326 altero
1066 1267 1151 1342 lsepoe
1168 1267 1266 1320 muno

181 1381 251 1420 cum
270 1359 459 1437 delphimlrus
477 1365 705 1431 commemoret,
736 1356 788 1434 qui
801 1353 953 1432 quomodo
969 1372 1008 1411 ex
1022 1353 1086 1411 eius
1099 1351 1163 1411 alvo
1174 1347 1266 1428 prodie-
1295 1387 1298 1416 ,2

180 1447 242 1505 rint
256 1465 318 1505 una
331 1466 450 1520 omnes,
473 1443 557 1503 haud
569 1442 653 1502 focile
671 1443 756 1502 dictu
766 1461 828 1500 esee
846 1438 976 1499 videtur.

264 1547 354 1628 Apud
368 1540 548 1621 Homerumj
572 1565 669 1623 aquo
687 1545 819 1624 primum
841 1542 956 1622 Scyllae
977 1540 1107 1619 speciem
1127 1539 1268 1598 declaratam
1297 1561 1298 1590 1

179 1631 337 1708 habemus,
364 1631 502 1713 mythum
524 1631 647 1691 omnino
669 1629 878 1710 simpliciorem
896 1637 927 1687 et
947 1627 991 1686 rei
1005 1625 1194 1686 declarandae
1205 1625 1269 1700 magis

180 1727 411 1779 consentaneum
429 1717 567 1778 videmus
587 1716 645 1776 0d.
656 1741 687 1796 μ,
702 1716 794 1781 85-
806 1718 876 1778 100.
920 1713 1069 1792 Scopulus
1083 1720 1143 1786 est,
1162 1731 1220 1769 cum
1231 1729 1269 1764 ue

178 1814 243 1880 irc,
271 1805 357 1869 cuius
375 1804 469 1863 fundo
492 1803 543 1862 illa
561 1802 703 1879 incubat;
732 1795 825 1873 πόδες
850 1793 988 1861 δυώδεκα
1003 1791 1269 1874 nivesciooorlob·
1297 1843 1298 1850 1

179 1911 269 1949 scuro
282 1888 382 1971 sensu)
402 1890 429 1948 ei
443 1889 623 1948 tribuuntur
645 1907 674 1947 v.
688 1891 747 1962 89,
771 1885 875 1944 saltem
888 1885 940 1944 illa
955 1883 1085 1963 pedibus
1098 1883 1156 1942 suis
1169 1881 1269 1940 insistere

178 1975 296 2054 nequit3
326 1975 427 2054 itaque
449 1975 548 2034 medio
571 1983 690 2034 tantmn
717 1991 843 2051 corpore
869 1989 907 2028 ex
926 1979 1016 2028 antro
1039 1969 1187 2050 prominet
1202 1977 1269 2024 usu
1297 2021 1298 2024 ,

179 2061 349 2142 suocapite
369 2061 428 2120 lats
449 2061 560 2135 exerit,
589 2067 625 2119 ul
646 2059 794 2139 piscetur,
822 2055 903 2115 unde
923 2055 1025 2131 vivat,
1047 2055 1160 2114 belluas
1174 2053 1270 2111 marino

181 2142 338 2225 Δελφῖνᾶς
356 2169 388 2209 τε
410 2141 507 2218 κύνας
528 2168 559 2207 τε
573 2145 625 2206 nel
644 2145 748 2206 elnone
764 2146 865 2222 μεῖζον
879 2140 962 2226 ἕλῃσι
978 2143 1092 2220 Keime-
1134 2139 1196 2197 Vox
1206 2155 1269 2218 pssm

178 2234 242 2291 eius
254 2241 300 2292 est
313 2231 408 2311 qualis
428 2231 521 2292 canili
536 2251 567 2291 v.
583 2234 625 2296 86
646 2233 702 2312 τῆς
715 2225 784 2312 ἤτοι
802 2223 892 2310 φωνή
905 2225 977 2310 μὲν,
998 2221 1057 2310 ’ὅση
1075 2221 1214 2299 σκύλακος
1225 2243 1269 2285 nc
1296 2281 1298 2286 Α

197 2321 280 2393 el‘c,
308 2319 435 2382 Γίνεται.

177 2341 196 2402 y
226 2343 246 2400 η
263 2403 422 2464 linierunt
440 2404 540 2484 itaque
562 2401 712 2481 sequiores
735 2410 842 2481 poetae
859 2399 1008 2474 lebedum,
1031 2408 1063 2458 ct
1082 2419 1188 2458 camon
1200 2413 1271 2455 ouen
1297 2451 1298 2454 ,

63 2489 67 2512 ’
176 2491 432 2572 piscationemque
447 2489 656 2568 delphinorum
669 2501 696 2546 et
706 2509 818 2546 conum
831 2487 869 2545 sd
882 2486 1010 2566 speciem
1024 2485 1142 2565 Scyllae
1155 2500 1271 2542 exornes·

178 2573 250 2633 dam
272 2575 509 2635 tranuulerunt:
531 2574 657 2633 ademtis
674 2573 823 2653 capitibus
838 2591 900 2630 sex.
943 2571 1002 2630 Pro
1018 2569 1068 2630 liis
1089 2572 1166 2630 enim
1178 2581 1272 2646 superne

178 2659 290 2738 species
306 2669 352 2719 est
369 2661 502 2741 puellae,
525 2679 602 2738 quae
615 2667 715 2718 tamen
726 2659 849 2718 inferius
864 2675 973 2738 corpus
988 2667 1191 2716 monstrosum
1201 2652 1271 2712 habe

178 2743 268 2803 0vid.
286 2744 357 2804 Met.
377 2746 459 2822 Xlll,
483 2750 545 2810 732
574 2745 637 2805 Illa
650 2745 732 2823 seris
745 2757 844 2803 otram
867 2741 990 2801 curribus
1005 2739 1272 2822 suocmgisuuuo

183 2831 322 2907 Virginis
338 2851 390 2892 ora
403 2851 518 2908 gerens.
540 2830 648 2889 Tibull.
666 2827 818 2905 111‚l,89
842 2829 979 2906 Scyllave
997 2831 1170 2906 virgineam
1180 2821 1273 2882 (unlus

178 2915 486 2992 sreccinctafigumm.
534 2916 586 2974 Est
598 2915 672 2974 adeo
686 2915 786 2974 sabula
797 2913 872 2972 haec
887 2933 924 2971 ex
939 2932 974 2970 eo
988 2933 1109 2991 genere,
1129 2914 1159 2972 iu
1172 2929 1222 2989 quo
1238 2925 1272 2963 u·

176 2999 419 3078 filicumingenia
430 3000 585 3080 pristinam
597 3001 724 3060 monstri
736 3001 862 3060 sormam
872 2999 905 3058 in
914 2998 1129 3058 iucundiorem
1141 2999 1272 3056 muniunt
1297 3041 1298 3046 κ

262 3100 296 3160 ln
309 3099 356 3160 his
377 3123 412 3160 ec
432 3103 576 3162 similibus
592 3101 668 3162 nihil
687 3111 751 3178 est,
773 3102 856 3180 quod
870 3101 1003 3162 haereas.
1048 3103 1161 3163 Verum
1173 3094 1272 3158 diffinl·
1297 3141 1298 3146 κ

176 3192 270 3244 tatem
288 3186 386 3246 iacere
403 3197 502 3268 potest
516 3209 549 3247 ea
566 3187 691 3270 species,
713 3209 772 3266 qus
787 3190 819 3247 in
833 3174 967 3247 exticma
986 3190 1128 3268 corporis
1140 3195 1216 3268 parte
1226 3180 1271 3239 del-

47 3265 108 3344 s
172 3269 298 3348 phinee,
328 3273 397 3349 lupi
413 3285 441 3330 et
465 3295 568 3350 canes,
598 3294 659 3334 una
678 3273 824 3332 commissi
847 3283 877 3331 et
890 3275 1047 3333 coniuncti
1063 3275 1216 3354 finguntru.
1248 3265 1272 3322 1¹¹
1297 3313 1298 3318 κ

175 3375 280 3416 versu:
297 3369 451 3435 postrema
475 3361 604 3418 immani
622 3379 741 3437 corpore
752 3362 863 3437 pistrix
876 3359 1069 3437 Delphinmn
1091 3357 1201 3419 caudes
1214 3365 1272 3412 uas
1297 3399 1298 3402 η

175 3443 485 3522 commissaluporurn
503 3443 675 3522 ambiguum
696 3453 756 3520 esi,
777 3453 883 3504 utrum
905 3444 957 3504 sit:
978 3444 1104 3524 pistrix,
1127 3462 1196 3523 quse
1211 3457 1272 3498 oom-

158 3526 279 3616 ¹missae
294 3525 385 3586 hebet
399 3529 576 3606 delphinum
589 3529 706 3588 caudas
725 3542 805 3587 sacro
825 3531 982 3606 heponem,
1011 3551 1052 3590 an
1073 3531 1206 3609 luporum
1217 3545 1272 3583 ⁰⁰¹¹·

174 3623 232 3670 dos
253 3611 431 3691 delphinum
449 3625 539 3672 utero.
584 3615 730 3698 Neutrum
751 3615 877 3694 speciem
901 3615 986 3674 facile
1004 3616 1100 3694 fingat
1121 3615 1174 3675 sibi
1193 3608 1271 3686 aliquis

175 3699 289 3758 mimo:
311 3698 444 3778 inprimis
457 3698 481 3756 si
494 3698 648 3778 vulgarem
658 3700 774 3778 Scyllae
786 3701 914 3759 formam
928 3701 960 3760 in
982 3701 1090 3779 priscis
1101 3693 1271 3761 monunculis

173 3792 307 3862 reputet,
336 3785 368 3842 in
387 3783 494 3862 quibus
516 3804 550 3842 ea
570 3785 600 3846 in
624 3783 800 3865 delphinum
825 3789 935 3845 caudas
961 3785 1087 3862 desinit,
1119 3785 1229 3845 canibus
1245 3797 1271 3834 ²1

174 3877 259 3928 utero
280 3869 386 3928 subtus
407 3868 634 3948 prodeuntibus.
684 3871 787 3948 Itaque
806 3871 928 3930 lerliam
941 3871 1072 3949 aliquam
1092 3872 1227 3932 rationem
1236 3865 1271 3922 in·
1297 3889 1298 3910 ³

173 3971 289 4030 gressus
302 3975 368 4017 eum
382 3954 414 4012 in
427 3955 513 4014 Notis
529 3955 568 4013 ed
584 3975 608 4014 e.
623 3955 654 4030 l.,
676 3965 711 4014 ut
731 3957 785 4016 sit:
806 3960 965 4015 construis-so
983 3957 1103 4016 caudas
1116 3956 1270 4034 delirium
1297 3947 1298 4022 l

173 4035 285 4096 habeus
304 4039 416 4098 caudas
437 4037 614 4119 delphinum
636 4041 822 4117 commissas,
853 4042 1045 4116 coniunctas,
1067 4062 1137 4101 curn
1151 4037 1270 4099 unroh·

171 4143 295 4206 pomos,
319 4123 461 4204 luporum
476 4125 571 4186 uteris
589 4147 611 4185 s.
626 4126 816 4205 corporibus,
839 4147 915 4206 quae
927 4127 1106 4196 interimas
1122 4125 1270 4206 delphinum
1297 4139 1298 4162 1

174 4205 283 4264 caudae
297 4225 335 4266 cx
347 4209 418 4268 alvo
431 4210 610 4288 prominent.
654 4213 745 4270 Recte
763 4210 838 4270 hacc
850 4233 881 4272 se
894 4211 1019 4287 habeut,
1040 4212 1133 4272 modo
1147 4232 1182 4270 ex
1194 4205 1268 4290 pluri

107 4311 117 4322 ·
172 4291 229 4358 bus
243 4291 357 4369 Scyllae
370 4295 474 4354 formis
486 4315 552 4354 eam
565 4305 684 4372 teneas,
706 4317 782 4376 quae
799 4297 912 4378 Virgilii
932 4297 1031 4357 animo
1042 4297 1198 4358 insederat
1297 4297 1298 4308 ³

257 4375 293 4434 ln
305 4377 443 4456 antiquae
460 4381 570 4442 scilicet
587 4383 658 4442 aetia
684 4383 823 4462 operibus
837 4404 900 4444 non
921 4403 981 4444 uno
994 4383 1110 4463 Scyllae
1124 4385 1214 4444 forme
1229 4395 1268 4436 00·
