2784 4988
213 383 303 436 mv
568 359 977 442 PRAEFATIO

213 547 370 648 generis
386 571 408 622 a
424 571 491 623 me
505 549 815 626 communicatas
828 571 902 649 pro
921 545 1053 624 iudicii
1071 547 1256 624 acumine
1276 546 1354 624 ad-

213 651 386 731 modum
411 651 610 752 probavit,
647 652 750 728 etin
776 650 953 726 editione
976 675 1046 726 sua
1065 674 1202 726 versus
1215 651 1353 728 eiecit

212 754 334 834 Nolui
350 767 487 832 tamen
505 757 778 832 auctoritatem
800 755 912 933 sequi
928 755 969 830 in
984 752 1064 830 hoc
1081 778 1261 855 quoque,
1292 767 1354 851 ut,

215 883 317 960 quac
336 871 517 959 suspecta
540 873 703 952 essent,
724 859 850 934 rescin
884 859 996 932 er'em
1022 870 1062 933 et
1084 881 1131 932 ex
1150 870 1355 934 contextu

215 986 489 1055 excernerem3
516 987 610 1037 narn
625 963 802 1063 primum
818 961 860 1036 id
874 961 973 1036 mihi
989 959 1198 1036 videbatur
1211 961 1271 1036 im
1309 985 1353 1036 e-

213 1067 355 1142 riosius
371 1062 521 1142 factum
543 1092 662 1168 quam
684 1089 824 1141 meum
850 1063 1016 1167 quidem
1036 1065 1244 1163 ingenium
1263 987 1354 1139 llar-

214 1183 293 1247 ret:
321 1181 409 1244 tum
422 1192 582 1244 versum
597 1169 879 1271 quaerentibus
898 1182 938 1244 et
953 1168 1100 1244 librum
1123 1167 1352 1244 evolventi-

214 1272 289 1348 bus
304 1270 418 1347 valde
435 1272 651 1350 molestum
671 1287 747 1373 est,
773 1275 805 1348 si
822 1297 1010 1348 versuum
1024 1295 1242 1348 numerum
1261 1285 1352 1346 tur-

213 1376 638 1456 batumessevideant.
1006 1429 1011 1451 .

221 1507 223 1514 ’
315 1481 513 1558 Lectionis
538 1482 785 1576 varietatem,
814 1479 959 1580 partim
980 1504 1026 1554 ex
1046 1478 1350 1555 Burmanniana

215 1581 413 1679 haustam,
440 1583 583 1683 partim
599 1584 865 1679 exPierianis‚
891 1583 1151 1678 Martinianis,
1178 1580 1349 1683 aliisque

216 1684 418 1761 codicibus
443 1699 483 1762 et
505 1685 596 1765 edd.
627 1685 793 1763 dimidio
829 1687 1068 1782 auctiorem,
1107 1707 1191 1760 non
1212 1685 1349 1760 modo

102 1857 104 1860 .
215 1789 401 1863 intactam
422 1788 584 1890 reliqui,
610 1815 751 1866 verum
775 1791 894 1865 etiam
909 1789 1228 1865 emendatiorem
1251 1787 1348 1864 red-

216 1890 299 1968 didi
320 1905 359 1967 et
378 1896 492 1968 novis
517 1893 825 1989 accessionibus,
855 1893 906 1968 de
929 1892 1073 1994 quibus
1092 1905 1184 1993 post
1198 1888 1347 1984 dicam,

214 1993 471 2095 locupletavi:
503 2021 595 2072 cum
615 1996 741 2074 semel
760 1996 802 2072 id
824 2019 940 2094 agere
971 1995 1247 2092 instituissem,
1283 2007 1347 2089 ut,

216 2111 416 2200 quotquot
433 2099 599 2200 quidem
623 2101 815 2178 lectiones
833 2100 1025 2175 variantes
1046 2098 1186 2174 alicubi
1202 2121 1347 2198 reper-

214 2216 277 2278 tae
295 2216 444 2299 essent,
478 2205 518 2279 in
537 2203 616 2281 hoc
635 2205 775 2280 saltem
789 2216 908 2305 poeta
926 2205 968 2278 in
982 2227 1104 2278 unam
1121 2201 1346 2278 editionem

216 2319 348 2381 essent
369 2321 595 2407 congestae:
627 2322 673 2384 ut
696 2308 776 2384 hoc
804 2306 988 2408 exemplo
1014 2307 1223 2407 proposito
1244 2305 1346 2380 ado-

214 2409 408 2488 lescentes
430 2410 595 2488 studiosi
613 2412 780 2488 omnino
799 2411 980 2488 variantis
1000 2411 1042 2484 iri
1062 2410 1177 2488 codd.
1197 2421 1237 2484 et
1250 2408 1345 2485 edd.

215 2513 395 2590 lectionis
409 2539 568 2592 morem
584 2530 623 2592 et
635 2541 753 2592 usum
769 2513 1029 2606 addiscerent,
1056 2513 1343 2614 sollennesque

215 2617 346 2719 lapsus
373 2631 412 2694 et
438 2617 736 2697 allucinationes
757 2618 1010 2695 librariorum
1031 2617 1106 2692 sibi
1129 2615 1344 2692 familiares

213 2720 443 2804 redderent.
497 2726 639 2800 Curavi
659 2737 795 2800 tamen
820 2719 938 2798 simul
962 2721 1061 2815 hoc,
1094 2733 1140 2796 ut
1158 2719 1236 2794 hoc
1255 2721 1343 2820 ipso

216 2823 400 2926 exemplo
412 2828 619 2927 proposito
635 2827 803 2903 omnino
818 2825 869 2902 dc
884 2838 969 2901 toto
983 2825 1062 2900 hoc
1073 2847 1222 2922 genere
1232 2835 1342 2898 recte

215 2941 387 3004 statuere
408 2945 687 3010 assuescerent.
738 2934 849 3007 Bene
876 2930 984 3004 enim
1006 2953 1051 3004 ex
1070 2929 1198 3029 prima
1216 2939 1342 3002 aetate

214 3031 426 3128 recordor,
453 3059 574 3134 quam
589 3060 731 3135 parurn
749 3032 945 3134 explicitas
967 3045 1007 3107 ct
1022 3033 1140 3106 iustas
1155 3030 1342 3105 notiones

216 3131 461 3210 delectione
489 3137 664 3214 variante
692 3136 940 3213 imbiberim:
979 3151 1070 3212 cum
1100 3158 1184 3208 non
1213 3131 1340 3208 modo

216 3233 449 3312 eruditionis
480 3235 651 3314 liberalis
690 3263 890 3316 summam
926 3239 967 3313 in
999 3238 1157 3332 critica,
1199 3259 1342 3311 verum

216 3339 335 3415 etiam
351 3339 502 3414 critices
516 3365 715 3418 summam
731 3345 772 3418 in
785 3342 966 3418 lectionis
978 3341 1159 3418 variantis
1173 3338 1341 3439 diligen-

213 3444 316 3520 tiore
330 3441 463 3520 studio
477 3457 518 3519 et
530 3445 572 3520 in
586 3445 778 3522 elicienda
791 3445 920 3551 aliqua
933 3442 1040 3520 felici
1057 3442 1340 3520 emendatione

214 3545 279 3625 vel
309 3547 554 3646 coniectura,
587 3550 783 3626 contineri
814 3548 1004 3625 audirem.
1061 3548 1183 3648 Atqui
1212 3547 1341 3622 maior

214 3650 331 3728 huius
358 3675 474 3728 curae
503 3676 593 3752 pars
625 3651 674 3732 ad
696 3653 828 3729 solum
860 3651 1058 3727 editorem
1082 3663 1250 3752 spectat,
1292 3647 1340 3724 ad

214 3753 430 3830 lectionem
448 3768 487 3831 et
503 3757 873 3857 interpretationem
886 3779 1029 3856 parum
1043 3765 1109 3830 aut
1125 3752 1238 3848 nihil,
1265 3775 1339 3828 nec

213 3857 288 3931 nisi
309 3859 349 3932 in
371 3857 467 3934 locis
495 3858 641 3958 dubiis,
676 3860 853 3936 obscuris
872 3871 912 3934 et
932 3855 1135 3957 corruptis.
1186 3861 1339 3935 Verum

215 3960 351 4059 etipse
369 3961 499 4039 editor
515 3965 687 4039 exomni
704 3963 766 4038 illa
779 3961 974 4058 farragine
987 3983 1183 4061 perpauca
1198 3959 1338 4035 tollere

213 4075 364 4165 potest;
393 4090 586 4165 quorsum
600 4067 708 4142 enim
725 4091 798 4166 pro
813 4064 985 4141 lectione
1001 4063 1175 4138 variante
1192 4063 1337 4139 sollen-

214 4165 278 4240 nia
295 4179 334 4239 et
350 4165 399 4240 ad
415 4192 577 4246 sensum
595 4171 710 4245 obvia
729 4170 820 4244 vitia
834 4167 1099 4260 librariorum,
1128 4191 1287 4245 errores
1301 4178 1339 4242 et

213 4281 397 4369 stupores
426 4271 651 4370 manifesti,
693 4272 909 4348 sexcenties
948 4268 1248 4349 obtruduntur?
1281 4271 1338 4346 in-

119 4377 126 4384 '
213 4373 351 4474 primis
377 4371 447 4449 ubi
468 4374 613 4454 melior
638 4377 718 4454 iam
739 4374 858 4452 lectio
888 4373 1070 4452 inbonis
1099 4371 1337 4452 editionibus
