2652 5032
203 343 548 422 GEORGICON
574 347 680 424 LIB.
707 348 761 442 ll,
788 354 1006 427 eoo—269
1084 356 1158 430 439

78 535 152 604 lrvo
166 529 260 607 solo:
285 529 325 606 id
341 531 448 606 venti
470 544 624 627 emant,
649 531 885 636 gelidaeque
900 536 1084 636 pruinae,

76 637 110 707 lit
124 631 292 708 labefacta
308 656 476 710 movens
493 635 679 710 robustus
696 637 829 733 iugera
846 635 985 717 fossor.

47 829 49 838 X
75 743 121 828 lt,
144 737 169 809 si
188 759 281 836 quos
298 737 405 813 haud
422 737 501 814 ulla
518 739 622 814 viros
639 737 832 836 vigilantia
850 739 967 838 sugit:
1081 747 1158 820 265

46 871 48 930 3
74 838 290 915 Anteloeum
313 841 485 918 similem
506 843 732 944 exquirunt,
765 843 835 918 ubi
881 846 979 919 rima
997 858 1158 944 paretur

72 941 257 1017 Arboribus
269 967 398 1042 seges,
427 959 466 1022 et
484 971 565 1046 quo
584 971 678 1021 mox
695 871 1027 1043 digestoleratur‚

43 1077 44 1134 j
71 1048 227 1120 Mutatam
242 1047 427 1144 ignorent
442 1047 574 1124 subito
592 1073 644 1125 ne
663 1049 815 1124 semina
830 1065 1011 1129 matrem.

41 1217 42 1220 ,
71 1148 149 1240 Quin
165 1151 277 1226 etiam
296 1150 396 1226 coeli
413 1153 622 1250 regionem
637 1153 678 1227 in
697 1153 843 1230 cortice
860 1155 1029 1252 signant:

40 1283 42 1338 5
103 1293 176 1363 267.
201 1309 400 1384 ranarum

87 1509 129 1564 263
148 1525 240 1564 curent
259 1514 338 1566 Vota.
355 1531 399 1582 pr.
433 1511 577 1583 gelidam
596 1529 660 1563 unua
678 1511 802 1564 Arundel.
879 1512 932 1566 265
955 1516 997 1564 Ae
1017 1515 1043 1564 si
1062 1512 1157 1564 Medic.

64 1591 100 1626 rot
114 1579 160 1630 duo
179 1599 234 1634 eum
256 1584 339 1636 Goth.
359 1601 412 1634 aec.
432 1593 458 1632 et
476 1581 530 1632 Eri.
565 1583 656 1652 surgit
671 1583 781 1634 Vratiol.
849 1582 902 1636 266
919 1584 1064 1650 exquirunt
1082 1581 1157 1634 Leid.

64 1662 115 1698 Μ·
175 1652 225 1704 257
244 1654 359 1722 degeam
376 1649 484 1704 Mentel„
497 1667 536 1717 pr.
551 1651 645 1702 Mutet.
660 1668 713 1702 sec.
731 1650 859 1702 llottend.
872 1660 932 1702 tert.
949 1670 964 1700 u
978 1669 1011 1702 m.
1027 1669 1066 1718 pr.
1092 1671 1157 1722 ege-

62 1719 191 1786 stollmag.
204 1738 255 1772 ree.
279 1732 306 1772 et
327 1721 428 1772 Bodlei.
455 1719 508 1770 vid.
528 1737 585 1786 nup.
607 1737 632 1772 v.
651 1719 693 1774 54.
722 1715 857 1791 seruntur
877 1717 958 1770 Goth.
975 1737 1015 1788 pr.
1033 1717 1158 1840 speratur

63 1784 111 1836 bene
129 1785 241 1842 defendit
261 1791 367 1844 lahuiue
397 1800 487 1842 contre
508 1787 644 1852 voseium,
682 1802 793 1840 serator
813 1788 983 1851 scribentem
1010 1791 1034 1840 vi
1055 1827 1062 1840 .
1081 1789 1158 1842 etiam

61 1853 125 1921 lleyn.
137 1856 162 1907 iu
176 1861 237 1910 Not.
267 1861 339 1924 W.)
410 1860 462 1913 958
480 1861 592 1910 Mutato
604 1869 658 1910 tres
671 1858 742 1926 apud
760 1861 854 1924 Burm„
873 1858 985 1928 quinque
1000 1859 1069 1928 apud
1082 1861 1157 1911 Mar-

61 1923 94 1976 tio.
104 1935 126 1976 et
136 1935 194 1980 vett.
207 1929 268 1982 edd.
285 1930 397 1993 multoe,
419 1927 508 1982 Pierio
526 1939 552 1980 et
565 1928 678 1980 Martiuo
694 1927 820 1980 tentibus:
850 1946 898 1980 neo
913 1945 967 1979 uon
982 1928 1063 1980 Goth.
1083 1946 1124 1996 pr.
1141 1945 1157 1980 a

59 2009 81 2042 η
93 2011 124 2060 pr·
141 1998 176 2063 (et
187 2000 211 2054 2
224 1997 250 2052 3.
264 1999 290 2052 5.
304 2001 344 2053 11.
360 2001 402 2052 12
424 1999 513 2064 We),
532 1997 603 2066 quod
618 2007 645 2048 et
661 1997 747 2065 ipsun
766 1999 862 2050 bonum
881 2007 958 2049 esset.
978 2015 1036 2065 aup.
1058 1997 1093 2052 50
1110 2010 1157 2048 ta-

30 2105 31 2112 ,
58 2079 102 2112 nen
121 2065 182 2116 laec
199 2086 307 2138 quoque
327 2070 352 2119 ei
372 2065 631 2138 φάε-,1610616145
646 2067 756 2120 mundet
775 2079 883 2118 mutato
899 2065 1029 2118 subactio.
1047 2067 1104 2135 (sed
1119 2067 1158 2118 ite

58 2131 220 2200 talererbum,
247 2136 325 2206 quale
338 2137 508 2199 desiderem,
533 2139 744 2206 uouignorent,
766 2137 951 2205 requireretur.
980 2137 1052 2205 Wr.)
1074 2137 1157 2206 ignu-

57 2215 105 2250 nnt
118 2205 207 2256 Moret.
227 2207 290 2257 duo.
315 2208 420 2274 (non'nt
438 2204 505 2258 coni.
524 2205 644 2273 Dorph.;
667 2206 715 2257 aed
733 2209 862 2276 ignorent
883 2206 951 2256 bene
972 2205 1157 2274 interpretatus

56 2271 167 2340 estlleyu.
195 2277 269 2342 Wr.)
293 2273 383 2327 audito
397 2277 526 2345 ignorent
535 2277 637 2342 Meuag.
651 2293 690 2344 pr.
721 2275 989 2326 neuunusAruudel.
1022 2295 1073 2327 nee
1092 2291 1157 2325 unm

55 2339 121 2392 ilead.
153 2343 251 2398 Locum
270 2343 452 2412 Calpnrniiss,
478 2346 513 2398 50
531 2343 592 2395 hinc
614 2361 762 2412 expressum
785 2362 879 2396 succos
900 2363 935 2394 ne
950 2343 1030 2414 sorte
1047 2346 1158 2416 priores

54 2409 178 2480 languida
193 2425 302 2465 mutata
323 2426 460 2483 quaerunt
475 2414 621 2484 plantaria
634 2426 723 2464 terra:
751 2423 777 2463 et
796 2413 895 2464 Colum.
916 2414 960 2476 X,
979 2413 1030 2467 153
1043 2415 1113 2466 eicco
1126 2425 1157 2464 ut

53 2493 192 2532 coneueeeat
203 2484 321 2554 pulvere
332 2483 433 2552 planto
444 2483 503 2534 Nec
521 2495 628 2534 mutatu
642 2483 702 2533 loeo
718 2482 805 2533 siccos
823 2482 970 2533 exhorreat
981 2493 1088 2534 metue:
1106 2481 1157 2534 iam

51 2545 145 2602 laudarit
158 2553 244 2605 liurm.
313 2553 367 2607 269
380 2553 474 2623 signat
490 2553 532 2604 ed.
546 2554 614 2604 lunt.

49 2723 138 2798 pruina
158 2733 188 2786 et
212 2745 313 2806 opere.
361 2723 434 2790 264.
465 2728 571 2803 negem
611 2725 726 2799 forma,
756 2729 793 2782 ut
819 2721 948 2782 alterum
974 2722 1005 2781 in
1029 2721 1155 2801 partici-

49 2807 181 2887 lobesuela
210 2811 316 2892 pulcre
336 2829 393 2890 pro
417 2821 500 2870 terra
522 2809 571 2868 vi·-
612 2811 697 2891 pium
711 2818 869 2882 mutetur,
890 2817 927 2866 ut
940 2828 969 2867 v.
986 2827 1011 2866 c.
1024 2807 1078 2868 int
1092 2810 1155 2871 318

47 2911 120 2972 oeae,
140 2917 218 2976 quae
235 2898 421 2977 pastinatur,
451 2915 504 2955 eeu
518 2915 572 2974 per
613 2907 781 2956 concretam
795 2893 927 2952 radicem
947 2893 1082 2972 ucistgere
1097 2905 1155 2952 ter-

47 2987 126 3040 totam
150 2985 272 3042 nneam
299 2982 419 3062 paetino
441 2981 574 3042 foditur:
612 3003 673 3042 rae.
688 2981 720 3042 h.
735 2981 937 3040 transferatur
951 2989 982 3038 et
993 2979 1155 3060 digeretur,

46 3063 169 3128 fodiendo
182 3069 263 3128 enirn
281 3077 436 3142 movetur,
459 3086 573 3128 oeneu-
613 3069 676 3128 eive
691 3067 853 3128 vitiarium.
896 3065 932 3128 ln
950 3084 1086 3126 sermone
1101 3083 1156 3146 pe·

45 3151 122 3226 titur,
143 3155 290 3214 mollitur.
615 3154 710 3213 destru'
724 3153 850 3213 diceres:
870 3152 971 3212 locum
983 3152 1107 3212 similem
1120 3149 1155 3226 ei,

77 3239 264 3306 265-268.
294 3237 498 3318 Diligentiores
516 3257 573 3318 pa·
616 3260 677 3319 quo
692 3260 765 3299 mox
778 3240 904 3300 seratur.
948 3239 1058 3317 Segee,
1084 3237 1155 3316 quia

44 3325 216 3386 tressamiliao
239 3325 271 3384 in
294 3324 452 3385 seminario
471 3319 573 3404 (plun-
614 3326 731 3386 aomina
753 3324 825 3385 dicit
846 3333 876 3382 et
891 3345 982 3384 serere
1002 3322 1153 3384 communi

42 3409 139 3469 urium
161 3433 197 3472 ac
226 3411 382 3470 vitiarium
402 3410 493 3468 etiam
515 3428 573 3468 vo·
615 3409 777 3488 vocabulo,
800 3431 860 3490 (luo
881 3419 912 3468 et
930 3409 1089 3488 scriptores
1111 3410 1154 3468 rei

41 3493 112 3576 cent)
125 3497 257 3558 educant
271 3496 359 3571 vites,
378 3515 451 3574 quaa
464 3493 573 3553 deinde
614 3497 744 3556 nuticae
785 3496 823 3556 de
857 3494 953 3556 vineia
982 3493 1154 3574 plantandis

41 3575 191 3642 inriorem
205 3583 399 3642 transierant.
412 3579 495 3640 Conl'.
511 3580 571 3638 Go-
613 3591 762 3659 utuntur;
790 3582 833 3640 aie
860 3589 892 3640 et
916 3577 1093 3660 ariopalto,
1122 3588 1154 3638 et

39 3661 101 3724 lum.
120 3669 175 3743 lll,
196 3667 218 3731 4
243 3677 274 3726 at
288 3668 317 3733 6.
340 3668 474 3746 Geopen.
487 3666 524 3740 V,
541 3668 569 3728 3.
612 3669 760 3748 σπείρεινς
780 3667 914 3744 adeoque
928 3685 1013 3744 seges
1026 3675 1071 3724 eet
1083 3685 1154 3724 eur-

40 3751 103 3815 266.
116 3757 189 3818 267.
206 3753 332 3814 Mores
344 3752 376 3812 h.
391 3753 411 3811 l.
426 3772 483 3832 pro
496 3749 571 3810 viti-
612 3753 759 3812 culorum.
801 3752 913 3812 Eadem
927 3751 965 3810 eb
978 3749 1040 3828 agri
1053 3750 1154 3810 cultu-

40 3831 102 3912 11619
121 3849 157 3898 ut
181 3857 221 3898 ex
242 3847 310 3898 tote
326 3838 461 3898 oratione
472 3845 571 3917 patet:
612 3860 648 3900 ra
669 3839 764 3919 petita
792 3837 910 3898 ratione
935 3835 1036 3916 paullo
1068 3843 1152 3912 ante,

39 3923 271 4002 mioeteroquin
285 3925 373 3984 etiem
383 3921 510 3982 alierum
520 3943 572 3982 ar·
613 3947 707 3998 ama,
739 3921 864 4003 glebae,
895 3925 1021 4000 iugera,
1053 3921 1153 3980 devi-

39 4003 135 4068 borum
154 4011 314 4070 seminaria
333 4019 414 4070 eunt.
458 4009 574 4068 euram
614 4011 677 4070 noia
691 4009 785 4086 dixit,
806 4007 1001 4086 utavulgari
1018 4025 1153 4066 sermone

38 4091 82 4168 illi,
103 4107 139 4154 ut
150 4097 252 4172 loeus,
273 4095 325 4154 ubi
332 4099 437 4174 prima
447 4107 575 4173 parm
613 4095 768 4158 recederet
781 4094 897 4174 poetica
915 4093 1021 4154 oratio.
1050 4094 1152 4152 Satio-
1266 4159 1273 4168 ‚

39 4179 140 4240 vitibus
151 4203 249 4260 eegee,
272 4181 304 4242 lt.
317 4181 508 4242 seminarium
523 4180 572 4239 vi-
613 4186 662 4240 nir
676 4193 777 4240 autem
790 4181 849 4240 duo
861 4199 993 4260 genera,
1017 4177 1153 4236 malleoli

39 4263 121 4338 tium,
149 4267 238 4328 simili
257 4268 376 4347 ingenio
400 4287 436 4326 ac
460 4275 572 4326 nature
613 4266 844 4327 velvivirodioie
858 4265 1019 4325 Columella
1035 4264 1084 4338 lll,
1101 4263 1151 4340 14,

38 4347 85 4424 tit,
112 4373 204 4430 quam
225 4355 327 4428 meua,
357 4374 416 4432 quo
436 4371 507 4412 owe
520 4351 570 4410 da·-
612 4351 958 4430 23haeesuutaemina.
983 4352 1056 4416 268.
1073 4351 1152 4408 Mu·

36 4449 115 4508 gma
136 4437 283 4518 seratur,
321 4447 396 4498 uota
427 4435 570 4516 loquendi
612 4451 710 4498 iatam
733 4437 828 4500 tutuo
858 4449 1000 4512 marem,
1031 4453 1152 4508 novam,
