2784 4988
336 409 615 486 ru1c1rr1
640 411 945 490 wltonem.
1139 437 1208 492 m
1296 397 1302 408 “

81 597 141 684 ad
164 598 481 715 pristinam
513 599 1006 716 orthographiam,
1027 606 1210 715 quoad

79 717 188 802 eins
220 717 367 802 fieri
404 733 622 836 potest,
662 734 932 804 revocata
964 720 1225 808 exhibebit..¹

75 833 123 919 Et
142 863 244 919 rem
276 835 678 954 orthographicam
704 864 845 948 quum
869 837 995 921 initio
1012 864 1106 922 non
1128 867 1211 926 cu·-

76 980 266 1058 rassem,
299 981 414 1037 mox
441 954 638 1039 intellexi
668 983 760 1039 non
794 981 888 1040 esse
911 956 1045 1068 plane
1070 957 1211 1069 negli-

75 1071 280 1188 gendam.
342 1069 502 1184 ltaque
538 1089 762 1183 quantum
799 1073 926 1189 potui
962 1073 1129 1158 laboris
1145 1108 1150 1118 ¹
1168 1092 1211 1160 et

74 1189 287 1304 temporis
316 1188 521 1305 impendi
542 1189 590 1274 in
609 1219 703 1276 rem
723 1189 864 1276 taedii
888 1190 1091 1276 omnium
1112 1194 1210 1308 ple-

74 1308 324 1392 nissimam.
395 1301 689 1419 Quamquam
728 1326 880 1392 autem
919 1336 992 1392 me
1031 1337 1125 1396 non
1162 1310 1211 1394 id

74 1441 336 1510 assecutum
365 1453 521 1541 spero,
550 1440 601 1508 ut
627 1452 681 1509 ea
711 1453 782 1510 res
812 1427 876 1510 ita
906 1423 1002 1509 iam
1033 1423 1212 1510 sitnon

72 1542 308 1660 profligata
338 1543 476 1627 modo
504 1543 738 1628 sedetiam
761 1543 991 1646 conlecta,
1022 1559 1074 1626 ut
1095 1543 1212 1628 nihil

73 1688 269 1773 usquam
302 1660 592 1744 dubitationis
622 1660 931 1774 relinquatur,
968 1677 1122 1746 tamen
1154 1662 1209 1746 de
1268 1725 1274 1734 -

72 1779 222 1863 multis
257 1777 356 1862 eius
387 1779 588 1895 partibus
611 1780 761 1866 verius
786 1777 898 1892 quid
922 1778 1016 1862 iam
1042 1797 1085 1864 et
1111 1807 1210 1864 cer-

72 1897 169 2002 tius,
202 1923 349 2009 quam
370 1912 513 2002 antea,
527 1896 660 1980 statui
678 1895 1059 2012 pronuntiarique
1079 1924 1210 2012 posse

72 2014 267 2099 confido.
330 2013 421 2098 Sed
460 2043 589 2120 mox,
630 2043 773 2127 quum
805 2013 1071 2129 cogitarem,
1113 2041 1208 2100 esse

71 2131 191 2216 hanc
234 2131 483 2215 editionem
512 2160 604 2216 non
634 2131 874 2248 philologis
915 2131 1090 2236 solum,
1129 2133 1211 2216 sed

71 2251 286 2334 omnibus
326 2249 606 2363 elegantioris
645 2250 874 2336 doctrinae
916 2247 1208 2357 amatoribus,

69 2393 99 2449 a
122 2395 243 2452 novo
267 2385 311 2451 et
333 2366 546 2450 inusitato
572 2367 706 2482 plano
726 2365 902 2452 critices
927 2369 1210 2483 genere'ple-

70 2511 270 2598 mmque
308 2483 682 2590 abhorrentibus,
733 2485 1031 2586 adornatam,
1080 2485 1210 2600 coepi

68 2621 296 2707 metuere,
326 2630 408 2706 nc,
439 2602 477 2684 si
503 2601 870 2718 orthographiam
894 2600 953 2685 ad
980 2625 1055 2704 ea,
1089 2629 1208 2712 quae

66 2721 185 2806 mihi
202 2719 462 2838 probabilia
479 2719 748 2824 viderentur,
772 2733 1013 2836 praecepta
1033 2718 1210 2802 cardor-

66 2866 275 2942 marem,
318 2836 452 2922 nimis
489 2837 555 2920 illi
585 2836 919 2920 offenderentur
957 2833 1209 2948 scripturae

65 2954 342 3058 insolentia,
385 2953 656 3067 indigneque
688 2957 880 3056 ferrent,
926 2950 1051 3062 quod
1081 2979 1210 3066 coge-

67 3091 229 3158 rentur
259 3071 356 3154 iam
386 3070 446 3154 ad
475 3071 703 3187 spinosam
733 3069 965 3182 quandam
998 3083 1041 3152 et
1071 3095 1099 3153 a
1124 3097 1207 3157 suo
1248 3135 1251 3144 ,

69 3191 256 3308 ingenio
291 3189 485 3272 alienam
504 3188 763 3304 disputandi
780 3188 1004 3272 rationem
1025 3215 1209 3272 mecum

70 3305 367 3396 descendere.
430 3299 740 3418 Quamquam,
773 3304 812 3388 si
843 3305 954 3417 qnid
977 3304 1207 3389 invenisse

69 3427 151 3512 tibi
181 3423 384 3510 ridearis
415 3451 595 3530 verum,
627 3423 836 3535 quodque
865 3421 1041 3506 idoneis
1076 3447 1209 3535 argu-

68 3545 236 3630 mentis
270 3541 615 3658 comprobahun
645 3541 701 3624 sit
731 3556 773 3625 et
804 3537 1073 3643 stabilitum,
1105 3539 1210 3623 licet

70 3663 223 3747 idtale
243 3659 325 3764 sit,
356 3655 481 3769 quod
510 3658 607 3774 ipsa
637 3685 722 3742 sua
751 3658 948 3742 novitate
981 3655 1206 3742 deterrere

72 3781 218 3898 potius
245 3777 470 3880 videatur,
496 3803 634 3892 quam
651 3801 810 3892 capere
839 3791 881 3859 et
903 3774 1094 3878 allicere,
1114 3801 1208 3858 non

74 3917 134 3984 est
162 3895 280 3984 illud
311 3891 444 4012 apud
472 3909 515 3976 te
545 3893 829 3978 retinendum
854 3906 897 3976 et
924 3888 1208 3974 absconden-

77 4015 196 4124 dum,
230 4011 345 4119 sed,
390 4009 568 4096 etiamsi
592 4029 792 4116 metuas,
830 4037 888 4092 ne
922 4008 978 4091 ab
1010 4006 1098 4112 iis,
1130 4008 1209 4117 qui
1247 4019 1251 4022 ’

76 4153 212 4223 vetera
240 4135 356 4220 rina
389 4155 447 4214 ac
481 4145 627 4213 vetera
654 4129 762 4212 vitia
800 4126 927 4208 iuxta
957 4122 1208 4229 aestimant,

79 4257 222 4344 acriter
253 4243 535 4366 exagiteris,
564 4246 614 4330 in
636 4245 837 4330 medium
862 4239 1081 4326 audacter
1105 4269 1209 4353 pro-

78 4375 298 4464 lerendum
323 4384 400 4455 est
424 4378 470 4446 et
491 4361 885 4479 intelligentiarum
906 4354 1075 4555 irpdicio
1098 4358 1209 4440 sub-

982 4489 1003 4537 t
