2654 5000
218 379 268 454 42
398 371 646 470 SPOHNll
681 371 1140 448 PRObEGOMENA

217 571 262 634 ut
287 570 485 656 poetam
512 581 564 633 vs.
593 565 650 634 18.
672 561 854 636 21-25.
879 559 1057 636 trs-45.
1084 559 1143 634 55.
1170 567 1207 628 et
1228 556 1306 628 Cae-

217 661 309 736 saris
330 658 467 734 laudes
488 657 634 734 ellerre
654 658 870 751 solentem,
910 683 961 736 vs.
990 669 1047 738 19.
1067 669 1128 739 20.
1152 662 1306 734 46-50.

218 777 259 840 et
283 787 404 839 novas
427 766 531 842 Varo
563 775 786 862 parantem,
830 761 1054 838 dummodo
1078 764 1111 838 is
1130 765 1306 868 Mantuam

216 881 363 961 servet,
390 889 444 940 vs
465 875 515 945 27
538 891 622 968 sqq.

659 1038 777 1136 (Ecl.
808 1040 892 1136 lv.)

317 1174 465 1268 Pollio,
499 1177 607 1250 victis
629 1176 875 1268 Antonianis,
910 1199 953 1250 se
977 1183 1185 1273 receperat
1202 1171 1238 1244 in
1260 1191 1305 1240 re-

214 1282 379 1386 gionem
405 1283 618 1374 Venetam,
660 1303 779 1379 quam
806 1303 897 1353 cum
918 1281 1001 1358 Vll.
1022 1273 1242 1375 legionibus
1257 1270 1305 1344 diu

214 1385 376 1460 retinuit
403 1385 444 1458 in
465 1395 659 1482 potestate
681 1383 860 1474 Antonii,
899 1403 1060 1479 magnas
1085 1399 1151 1456 res
1181 1389 1218 1452 ct
1239 1397 1303 1472 spe-

216 1489 338 1562 ciosas
361 1487 460 1560 cirea
483 1485 659 1562 Altinum
685 1484 856 1586 aliasque
877 1485 998 1560 urbes
1018 1482 1137 1560 buius
1164 1477 1304 1576 regionit

216 1589 359 1682 edidit,
399 1587 600 1664 Patavium
623 1613 785 1688 quoque
808 1588 948 1663 acerbe
972 1601 1012 1662 ct
1030 1587 1200 1684 graviter
1218 1605 1321 1662 vera-³

214 1693 288 1788 vit,
325 1713 470 1788 cogens
489 1692 714 1784 Pataviuos,
746 1705 791 1766 ut
811 1692 1021 1792 peonnam
1042 1703 1082 1766 et
1103 1712 1209 1764 arma
1234 1707 1303 1760 con-

213 1793 376 1872 ferrent.
427 1792 556 1869 Alieni
578 1795 686 1872 enim
711 1809 822 1870 eraut
845 1793 963 1872 huius
987 1794 1163 1892 regionis
1182 1787 1321 1866 incolae

215 1923 356 1974 onmes
376 1897 424 1972 ab
446 1898 607 1973 Antonii
629 1899 815 1996 partibus,
841 1900 990 1999 quippe
1013 1921 1142 2000 quum
1160 1892 1321 1972 faveant,

199 2002 440 2092 Octaviano,
468 2002 535 2101 qui
556 2001 781 2076 libertatern
804 2001 969 2076 dederat
990 2015 1029 2076 et
1051 2001 1112 2076 sui
1133 1997 1224 2076 iuris
1243 2014 1303 2070 csse

213 2107 375 2180 iusserat
398 2101 565 2182 Galliam
590 2103 837 2205 Cisalpinam.
888 2106 977 2203 Egit
1001 2105 1073 2180 ista
1098 2101 1224 2181 Pollio
1252 2119 1303 2196 pu·

213 2221 401 2285 aestatem
425 2205 541 2282 huius
577 2209 685 2303 anni,
727 2209 768 2282 in
790 2233 911 2309 quem
941 2233 1033 2283 curn
1056 2211 1128 2286 Cn.
1158 2199 1321 2282 Domitio¹

213 2311 377 2388 Calvino
401 2310 551 2387 Consul
571 2325 654 2386 erat
678 2324 790 2386 antea
805 2313 883 2386 iam
907 2311 1153 2408 designatae,
1180 2311 1302 2386 Consu·

213 2413 335 2490 latum
352 2427 485 2490 autem
507 2413 616 2493 adire
633 2414 817 2490 nondum
830 2415 969 2514 potuit.
1009 2418 1118 2491 Dum
1135 2411 1230 2492 haec
1242 2405 1302 2482 edi·
1320 2479 1321 2488 ,

213 2517 404 2594 ditPollio
422 2518 463 2592 in
478 2519 655 2612 Venetia,
668 2543 742 2616 per
756 2517 939 2617 epistolas
953 2514 1301 2594 studuitltomitiuu

210 2621 525 2698 Ahenobarbum
564 2646 655 2696 cum
684 2620 835 2696 duabus
863 2621 1087 2720 legionibus
1114 2634 1156 2696 et
1177 2629 1321 2717 scptuay

210 2727 316 2823 ginta
349 2725 514 2810 naribus
541 2725 581 2799 in
606 2725 706 2800 mari
732 2727 846 2800 Ionio
877 2750 899 2799 e
925 2748 1057 2825 pugna
1088 2713 1301 2823 Philippensi

211 2829 341 2904 adhuc
373 2851 515 2928 vagum
553 2827 603 2904 ad
628 2830 791 2906 Antonii
819 2842 950 2929 partes
979 2827 1150 2906 allicere.
1212 2815 1302 2917 Quod

212 2933 377 3034 quidem
406 2932 442 3006 ei
471 2933 524 3008 ita
555 2933 759 3028 successit,
794 2945 840 3007 ut
867 2930 1159 3008 Ahenobarbus
1186 2919 1302 3004 deiude

211 3060 253 3110 se
279 3035 521 3132 adiungeret.
1320 3097 1321 3126 ,

311 3138 445 3214 Fuluia
469 3151 621 3232 autem,
662 3137 824 3214 Antonii
853 3137 1066 3212 Triumviri
1090 3162 1205 3233 uxor,
1234 3147 1321 3224 utut

211 3241 344 3316 liberis
362 3253 454 3341 post
476 3256 626 3342 captam
641 3242 850 3320 Perusiam·
864 3265 906 3316 se
931 3240 1218 3332 Brundusium,
1233 3234 1301 3308 hinc
1320 3235 1321 3238 ‘

209 3343 382 3421 Athenas
413 3344 643 3424 contulerat.
694 3345 754 3422 Ibi
787 3369 876 3419 eam
908 3343 1177 3444 deprehendit
1204 3345 1302 3448 Anto

208 3451 314 3540 nius,
358 3448 426 3548 qui
458 3472 553 3524 vere
577 3447 693 3524 huius
716 3449 808 3526 anni
829 3455 939 3546 (714]
971 3447 1218 3536 Alexandria,
1251 3435 1301 3514 ub¹

207 3578 282 3654 per
300 3551 479 3627 hiemem
503 3551 736 3652 Cleopatrae
759 3553 883 3626 amori
909 3551 1146 3646 indulserat,
1171 3555 1301 3644 Tyrun

208 3657 302 3732 inde
326 3680 401 3756 per
420 3659 596 3756 Cyprum
625 3671 665 3731 et
688 3655 880 3734 Rhodum
902 3656 943 3730 in
974 3655 1108 3739 Asiam
1131 3653 1321 3746 minorem

209 3760 365 3838 abierat.
417 3763 590 3858 Accepto
616 3773 749 3835 autem
771 3759 825 3834 ibi
851 3758 1043 3835 derebus
1065 3759 1116 3835 ad
1132 3751 1300 3834 Perusiam

209 3865 348 3937 nuntio
370 3863 544 3938 Athenas
563 3877 808 3963 pervenerat.
842 3863 944 3937 Hinc
964 3875 1010 3938 ut
1034 3863 1123 3963 ipse
1146 3869 1301 3962 praeseus

210 3965 467 4042 Octavianum
488 3968 726 4066 reprimeret
749 3980 815 4041 aut
832 3965 1085 4060 auctoritate,
1125 3989 1198 4067 qua
1220 3945 1298 4056 aputl

208 4065 354 4142 milites
378 4068 557 4168 pollebat
581 4070 769 4164 maxima,
802 4083 885 4161 aut,
919 4069 950 4143 si
970 4083 1085 4146 ⁴esset
1113 4091 1224 4170 opus,
1256 4079 1299 4130 af·

207 4167 283 4240 mis
310 4171 450 4266 etiarn,
491 4173 603 4274 petiit
634 4173 785 4248 Italiam
817 4195 957 4248 mense
993 4173 1155 4264 Sextili,
1191 4163 1298 4240 retice

207 4268 342 4345 Fulvia
362 4299 485 4350 more
504 4289 691 4374 aegrota,
726 4276 893 4371 Sicyone
927 4277 1115 4374 navigans
1144 4293 1225 4352 cum
1244 4262 1300 4338 du·

209 4374 331 4448 centis
358 4378 520 4454 navibus
548 4403 594 4456 err
619 4380 706 4455 Asia
734 4379 874 4478 petitis.
