2654 5000
215 427 266 502 32
402 415 650 491 SPOHNII
689 410 1151 490 PROLEGOMENA

218 631 241 683 e
261 604 379 682 Cassii
393 602 583 701 annaque
601 601 734 702 copiis,
761 595 1075 702 quitransierant
1089 597 1142 673 ad
1158 599 1311 698 ipsomn

217 710 342 806 signa,
370 725 511 780 omnes
527 699 778 800 dimiserunt,
805 727 954 803 eosque
972 703 1013 790 in
1032 701 1191 780 Italiam
1205 702 1311 782 rediri

218 814 423 888 iussenmt.

269 955 272 968 ·
319 915 403 990 lam
416 908 574 1011 pridem
598 906 651 984 ad
669 907 864 985 Mutinam
894 927 952 984 ao.
972 914 1071 1003 711„
1092 919 1146 982 ut
1168 905 1240 980 sibi
1263 903 1311 988 oli

218 1018 372 1093 strictos
399 1012 616 1090 redderent
652 1009 825 1086 militnm
865 1011 1017 1086 animos
1056 1009 1241 1109 (Appian.
1269 1007 1311 1088 llll

219 1129 285 1219 a),
311 1117 536 1194 octodecim
556 1114 717 1191 urbium
740 1113 920 1214 (Appiae.
939 1117 986 1210 V,
1011 1121 1090 1212 22.)
1117 1107 1311 1198 infertilis

218 1224 326 1299 simis
344 1221 478 1297 ltaliae
496 1215 723 1316 regionibus
744 1218 905 1295 sitarum
925 1239 1038 1314 agros
1056 1216 1250 1292 veteranis
1272 1211 1311 1289 dil

219 1323 413 1402 videndos
436 1323 723 1424 promiserunt,
754 1343 1019 1422 magnamque
1042 1319 1236 1421 pecuniae
1257 1319 1311 1414 vin

219 1433 383 1530 insuper
401 1425 708 1526 spoponderunt
726 1422 896 1521 singulis.
946 1427 1052 1522 Ergo
1075 1437 1125 1498 ut
1145 1423 1242 1499 baec
1259 1421 1311 1504 mil

221 1533 353 1610 litibus
375 1529 569 1604 divideret
596 1527 847 1624 Octavianus,
889 1536 929 1603 et
960 1541 1006 1602 ut
1035 1526 1248 1627 Lepidum,
1277 1545 1311 1596 na

221 1633 318 1736 quid
340 1634 372 1708 is
397 1631 624 1728 moliretur,
656 1632 898 1728 observaret,
934 1643 974 1705 et
995 1641 1135 1706 contra·
1157 1633 1197 1708 S.
1217 1631 1311 1722 Poma

219 1737 356 1838 peium
379 1748 531 1832 ageret,
563 1736 603 1808 in
632 1735 783 1811 Italiam
803 1759 873 1812 ao.
903 1742 991 1812 713.
1019 1737 1186 1811 ineunte
1211 1727 1311 1807 rediit}

221 1837 370 1938 (virgil.
388 1842 446 1913 ab.
464 1851 534 1918 aet.
554 1845 634 1936 29.)
1310 1849 1311 1856 ’

255 1976 261 1988 ·
322 1943 430 2016 Hinc
445 1943 523 2016 iarn
537 1940 710 2016 reduces
726 1965 748 2018 e
765 1941 925 2019 Graecia
938 1941 1115 2016 veterani
1133 1932 1307 2038 pervarias

220 2044 354 2121 Italiae
373 2045 556 2140 regiones
573 2044 790 2120 tumultum
818 2043 993 2140 agebant.
1052 2045 1099 2118 ln
1131 2042 1192 2118 his
1215 2033 1307 2116 turbis

220 2153 351 2226 Musas
386 2147 536 2245 Virgilii
570 2172 645 2247 per
682 2161 940 2222 auctumnum
972 2148 1017 2226 ai.
1055 2155 1146 2226 712.
1163 2155 1216 2220 'et
1246 2137 1311 2228 hic-l

221 2250 657 2428 mgmsubsequentem
671 2251 920 2357 conticuisse,
945 2274 1031 2328 non
1044 2261 1179 2350 potest
1191 2246 1305 2322 mirum

222 2381 259 2430 vr
291 2377 356 2431 en.
1036 2381 1041 2389 ·
1310 2369 1311 2378 ¹

243 2508 247 2517 -
288 2511 292 2532 ,
324 2459 536 2556 aggressus
576 2469 634 2534 est
669 2459 811 2534 Caesar
837 2455 1072 2533 Octavianus
1108 2453 1302 2531 divisionem

223 2583 427 2658 agrorum,
444 2575 545 2660 opus
559 2557 726 2634 invidiae
741 2559 917 2660 plenum.
961 2562 1082 2637 Erant
1096 2555 1253 2635 XXVlll
1264 2549 1301 2620 ll·

219 2665 405 2763 gionibus
420 2661 599 2739 coloniae
617 2663 868 2759 assignandae
878 2665 1112 2763 (AppianV,
1123 2671 1180 2757 6.).
1203 2661 1301 2751 Quum

183 2820 188 2828 .
222 2791 306 2844 non
330 2764 562 2842 sufficerent
584 2764 809 2847 octodecim
840 2765 997 2842 illarum
1024 2765 1201 2859 urbium,
1230 2771 1300 2856 (1⁰³⁰

222 2871 301 2946 iam
331 2883 445 2945 antea
479 2867 669 2947 militibus
705 2867 918 2946 destinatae
954 2867 1141 2965 fueraut,
1182 2877 1300 2969 posses-

222 2976 354 3048 siones
371 2985 412 3048 et
428 2973 526 3070 agri,
555 2970 652 3047 aliae
668 2971 830 3072 insuper
847 2972 967 3049 urbes
989 2974 1029 3048 in
1045 2971 1154 3047 hunc
1174 2979 1298 3044 censum

224 3075 440 3174 adscriptae
456 3087 565 3164 sunt3
583 3099 720 3152 revera
737 3075 1013 3152 dividebantur
1024 3077 1190 3151 XXXIV.
1214 3079 1298 3161 atque

223 3178 263 3252 in
285 3179 467 3252 universa
486 3177 607 3254 Italia·
622 3180 802 3280 (Appian.
829 3181 875 3276 V,
901 3187 991 3277 22).
1041 3179 1087 3256 ln
1111 3173 1225 3254 Gallia
1241 3163 1297 3240 Cir

225 3279 354 3380 alpina
376 3281 666 3358 Cremonenses
693 3295 760 3358 aut
782 3283 948 3358 omnino
974 3279 1163 3358 adversati
1181 3271 1311 3350 fuerant

224 3383 439 3461 Octaviano
474 3397 514 3458 et
552 3408 574 3459 e
599 3386 717 3462 cassii
746 3387 935 3486 Brutique
956 3385 1148 3486 partibus
1181 3373 1296 3453 fi1erant

222 3491 348 3586 (Serv.
370 3485 420 3561 ad
435 3485 516 3564 Ecl.
530 3489 593 3586 lx,
608 3497 705 3584 ab),
732 3503 901 3564 autnon
923 3489 1113 3566 miserant
1126 3473 1294 3562 octaviano

224 3592 412 3668 auxilium
439 3593 595 3692 (Pomp.
620 3591 708 3670 Sab.
730 3591 781 3666 ad
800 3589 881 3670 Ecl.
899 3595 970 3688 ΙΧ,
996 3600 1091 3690 29.);
1127 3605 1212 3684 ergo
1230 3576 1294 3652 Cri·

195 3695 479 3794 xmonensiurn
519 3695 599 3792 agri
626 3693 831 3773 distributi.
892 3695 973 3770 Sed
1008 3695 1141 3769 nesio
1172 3675 1293 3787 qudem

224 3795 382 3874 suffecit
408 3797 588 3897 (Appian.
602 3803 648 3895 V,
667 3807 762 3896 13.);
784 3811 823 3873 et
836 3795 981 3873 milites
996 3821 1086 3874 cum
1100 3793 1194 3870 fastu
1207 3793 1292 3875 ppa-

223 3899 386 3976 tulantia
403 3901 624 3976 vicinorum
638 3923 751 3998 agros
769 3899 1015 3998 invadebant,
1030 3891 1290 4000 etplura,q[1am

226 4025 327 4101 quae
351 4016 461 4078 erant
481 4003 690 4102 adscripta,
721 4004 946 4104 rapiebant,
986 4005 1134 4104 optima
1155 3991 1290 4096 qu³ll¹¹e

225 4102 299 4178 sibi
314 4119 525 4184 sumentes.
575 4112 718 4206 Neque
733 4109 966 4184 Octavianus
981 4102 1195 4207 impedivit3
1216 4097 1289 4192 suu·

224 4229 295 4283 mo
321 4208 428 4282 enim
443 4208 574 4286 studio
592 4208 827 4285 dividendos
843 4233 954 4307 agros
966 4211 1181 4309 susceperat
1198 4203 1228 4266 el
1239 4193 1289 4255 ⁵³¹⁵

227 4322 267 4385 et
289 4312 449 4386 Antonii
474 4313 668 4388 veteranis
701 4319 763 4408 (ut
791 4310 864 4390 sibi
895 4312 1102 4389 obstrictos
1130 4285 1287 4382 redderet:

225 4414 300 4488 nio
325 4417 426 4492 cass.
450 4416 529 4510 nu,
556 4423 590 4493 o.
616 4427 655 4490 et
674 4416 837 4516 appan.
855 4420 900 4508 v,
926 4421 1014 4513 4ο.).
1064 4417 1190 4511 mque
1210 4391 1288 4470 Mal·
