2730 5016
196 357 273 434 550
436 357 476 432 r.
503 303 766 432 v1nc1n11
798 353 1077 431 nlnoms

196 545 520 642 Miscueruntque
532 539 677 616 herbas
693 552 733 616 et
745 563 828 614 non
842 539 1000 616 innoxia
1012 540 1142 618 verba

146 707 151 714 .
249 644 330 721 Sed
344 642 445 742 fugit
459 645 629 738 interea,
655 641 755 740 sugit
769 643 1031 742 inreparabile
1047 658 1215 745 tempus,

198 747 358 848 Singula
376 747 474 823 dum
496 749 597 848 capti
615 749 969 824 circumvectamur
984 772 1133 826 amore.
1243 753 1307 828 285

195 857 283 928 Hoc
298 851 389 927 satis
406 851 604 930 armentis.
658 853 827 951 Superat
841 875 930 950 pars
946 849 1066 926 altera
1081 875 1211 948 carrae,

195 957 410 1054 Lanigeros
426 955 569 1052 agitare
582 977 721 1053 greges
734 952 937 1056 hirtasque
952 954 1129 1059 capellas.

195 1060 269 1134 Hic
284 1057 416 1150 labor;
442 1057 536 1132 hinc
552 1057 712 1134 laudem
727 1054 854 1132 sortes
869 1071 1023 1158 sperate
1040 1057 1189 1134 coloni.

195 1167 279 1242 Nec
296 1187 386 1238 sum
403 1162 522 1237 animi
540 1161 703 1259 dubius,
728 1159 860 1236 verbis
874 1185 919 1237 ea
930 1161 1091 1238 vincere
1106 1183 1292 1258 magnum

232 1353 284 1408 288
301 1351 443 1422 queabeat
461 1353 590 1420 aMenag.
610 1369 650 1420 pr.
686 1351 911 1420 Miscuerantque
931 1349 993 1402 dno.
1028 1351 1251 1420 Maeoniaeque
1269 1353 1314 1401 lio-
1356 1342 1357 1392 l

197 1440 287 1474 manna
307 1432 335 1473 et
352 1422 442 1472 Mead.
478 1423 576 1473 Verona
594 1421 638 1473 bie
655 1419 696 1472 bie
715 1421 743 1471 in
762 1421 812 1471 boc
831 1419 944 1471 carmine
968 1421 1097 1484 occurrit,
1122 1419 1167 1472 bic
1190 1431 1218 1470 et
1231 1423 1315 1486 θροις.
1356 1427 1357 1438 ¹

197 1493 307 1556 11‚1a9.
343 1491 395 1544 Vix
407 1490 547 1560 probabile
560 1491 590 1542 fit
606 1490 633 1541 in
647 1489 759 1542 carmine
774 1501 826 1540 tam
840 1489 977 1540 elaborato
1012 1501 1099 1542 oetam
1115 1491 1170 1541 boc
1185 1491 1315 1541 admisisse

197 1563 305 1623 Reatat,
322 1569 351 1610 nt
363 1560 528 1612 iudicandum
539 1560 586 1624 eit,
611 1569 670 1610 utro
683 1559 743 1616 loco
756 1558 869 1610 incertus
886 1575 943 1610 esee
961 1509 1045 1609 videri
1057 1561 1145 1629 pouit
1159 1560 1194 1612 ab
1207 1559 1260 1610 elia
1269 1577 1315 1609 na-

200 1647 242 1682 nu.
278 1633 331 1682 lam
350 1629 375 1681 in
394 1629 526 1700 praesenti
544 1629 604 1681 loco
626 1628 669 1680 vix
687 1629 756 1680 bene
776 1644 808 1678 eo
830 1643 928 1680 careae.
963 1629 1056 1680 Altero
1077 1629 1160 1695 loeo,
1186 1631 1280 1696 Georg.
1292 1629 1316 1686 11,

200 1701 266 1763 129,
290 1697 383 1750 melina
407 1699 497 1763 abeat,
524 1717 581 1752 cnm
599 1697 637 1749 ibi
659 1697 693 1749 de
712 1695 839 1748 veneficio
861 1696 968 1766 proprie
987 1697 1059 1750 dicto
1075 1711 1189 1766 agatur,
1206 1717 1262 1750 cum
1276 1714 1315 1764 qm
1357 1728 1358 1768 ι

198 1768 326 1833 earmina,
343 1767 428 1822 verbo
446 1787 501 1820 non
514 1770 642 1832 innoxia,
660 1784 714 1818 non
731 1764 878 1818 necessario
894 1768 1033 1818 coniuncta
1046 1781 1123 1820 sunt:
1149 1769 1206 1820 rid.
1225 1769 1259 1819 ad
1273 1765 1316 1817 el
1357 1771 1358 1776 ’

197 1839 307 1890 llrnnck.
332 1839 370 1907 (et
390 1847 506 1888 noctram
527 1849 623 1890 notam.
646 1837 716 1903 Wr.)
786 1835 839 1890 284
855 1835 1023 1888 irremeabile
1035 1850 1147 1908 tempus
1161 1837 1277 1897 Zulicb,
1296 1845 1317 1884 ¹¹

198 1918 226 1959 et
246 1925 310 1958 renue
324 1912 388 1958 Aen.
402 1909 438 1970 tt,
456 1903 508 1961 467
522 1907 640 1958 exbibet.
671 1905 841 1958 cortitum
855 1905 890 1957 ad
903 1905 1010 1956 Antbol.
1028 1907 1088 1958 Lat.
1105 1909 1214 1975 p.131.
1278 1905 1316 1958 285

198 1995 258 2028 cum
270 1975 453 2028 llottend.nlt.
480 1979 556 2046 rapti
570 1979 637 2028 Veu.
662 1977 738 2047 rapti
747 1977 848 2026 circum
864 1987 1000 2026 emtarum
1013 1977 1068 2026 er'.
1114 1979 1181 2031 ’286
1200 1977 1317 2028 meva

198 2047 330 2116 Superest
340 2045 436 2096 Medic.
450 2062 465 2095 a
480 2063 513 2096 m.
526 2063 578 2097 eeu.
605 2045 642 2114 (in
661 2044 757 2096 Medic.
772 2043 882 2112 legitur:
906 2057 1021 2114 superat
1038 2057 1096 2106 een
1116 2047 1167 2097 aed
1185 2059 1229 2098 eet
1245 2057 1318 2096 trare-

198 2113 276 2164 fixnm
303 2125 329 2165 et
354 2114 439 2165 rubria
461 2114 565 2182 punctio
587 2123 715 2166 notatum.
744 2115 815 2179 Wr.)
897 2115 949 2167 287
973 2115 1137 2184 Lnnigema
1158 2116 1208 2167 ult.
1231 2119 1317 2178 ttenag.
1358 2114 1359 2186 l

197 2183 248 2236 288
267 2185 340 2234 Hinc
360 2181 438 2235 labor
460 2183 555 2236 Medic.
572 2183 654 2234 Pierii
677 2201 734 2234 cnm
752 2182 810 2234 aliie
831 2181 962 2250 plnribua5
987 2193 1015 2234 et
1028 2184 1067 2236 ric
1083 2185 1149 2236 edd.
1168 2186 1257 2254 vnlgg.
1272 2197 1318 2233 mte
1358 2223 1359 2234 ,

197 2251 349 2316 minatum,
367 2252 412 2321 qni
424 2253 491 2303 bene
505 2252 639 2304 revocavit
651 2255 711 2316 Hie,
729 2251 800 2320 qnod
814 2251 865 2302 iem
880 2253 994 2319 Nauger.
1008 2267 1181 2322 reposuerat.
1218 2255 1259 2307 Sic
1272 2256 1319 2303 lle-

199 2321 249 2372 dic.
260 2323 335 2372 Rom.
348 2331 376 2372 et
388 2323 480 2390 fragm.
492 2321 579 2374 Vatic.
615 2323 713 2373 laudea
727 2319 846 2372 Perrhae.
871 2321 967 2389 Regius
988 2331 1015 2372 et
1027 2341 1093 2373 unua
1107 2325 1203 2376 Mead.
1238 2341 1320 2394 spera·

198 2409 229 2442 re
243 2393 311 2442 Ven.
328 2391 410 2442 Goth.
424 2402 533 2459 uterque
549 2402 576 2444 et
589 2391 648 2442 edd.
659 2393 727 2442 Ven.
741 2390 816 2444 147⁵.
833 2386 909 2444 1476.
977 2392 1030 2444 289
1048 2393 1116 2460 Non
1130 2412 1195 2444 eum
1212 2391 1319 2444 llottmd

197 2459 274 2512 Leid.
290 2460 365 2512 alter.
400 2459 627 2513 verbr'cevincere
641 2460 789 2524 Gudianus,
814 2469 843 2509 ut
856 2461 959 2512 Lucret.
977 2461 1011 2522 V,
1031 2463 1084 2514 100
1099 2465 1268 2532 pervincere
1285 2461 1318 2510 de·

199 2531 260 2582 ctis.
283 2549 324 2581 nce
337 2533 445 2582 vincere
458 2531 525 2582 Ven.
560 2531 664 2581 Lucret.
676 2532 709 2592 V,
727 2529 780 2582 784
795 2527 914 2597 Difficile
927 2541 970 2580 eet
985 2532 1097 2582 ratione
1111 2533 1216 2583 docere
1230 2547 1256 2582 et
1270 2533 1318 2580 na-
1359 2500 1360 2572 l

199 2617 260 2650 cere
279 2598 378 2652 verbio.
412 2599 544 2650 vincimur
566 2599 646 2650 ardua
665 2607 693 2649 et
712 2595 844 2666 difficilla5
863 2598 890 2649 h.
905 2598 983 2662 Lea,
1007 2617 1077 2667 quae
1091 2603 1189 2652 tenuia
1210 2611 1238 2652 et
1258 2599 1318 2650 esitii

199 2677 274 2731 aunt,
292 2679 322 2720 nt
332 2669 358 2719 in
371 2669 483 2720 carmine
495 2669 537 2720 vix
550 2668 656 2738 placere
669 2667 781 2738 nomint,
798 2667 879 2719 vincit
891 2677 974 2737 poete
988 2669 1111 2722 ornando
1128 2671 1223 2723 verbis
1236 2687 1318 2722 mnat-

199 2737 271 2790 tibua
291 2747 319 2789 et
334 2737 455 2806 tropicis.

200 2912 280 2970 etab
297 2931 371 2990 equa
386 2913 587 2973 enixastatim
601 2912 742 2975 devorari
783 2923 987 2973 memoratur:
1016 2914 1097 2972 conf.
1118 2915 1234 2974 Tibull.
1254 2911 1320 2986 ll,l‚

200 2997 676 3074 eredita.vid.Ptin.V1fl‚42,s.
691 3004 741 3064 66.
784 3001 835 3065 58.
859 3001 992 3079 Propert
1010 2999 1067 3074 IV,
1084 3000 1116 3072 5,
1133 3005 1184 3064 18.
1229 3001 1320 3076 Respi-

200 3081 313 3143 Aelian.
333 3084 372 3143 H.
396 3083 431 3144 A.
451 3086 532 3160 XIV,
557 3089 605 3149 18.
641 3083 742 3163 Antig.
784 3085 825 3144 cit
836 3086 875 3143 ad
887 3085 1037 3144 eumPlin.
1048 3085 1194 3160 xxtsstt,
1207 3087 1321 3145 sectae.

200 3169 316 3248 Caryst.
337 3167 388 3232 24.
410 3191 435 3229 c.
457 3179 528 3229 nota
550 3171 741 3230 Beckmanni.
784 3174 857 3234 282.
888 3172 1003 3244 malae,
1033 3170 1163 3249 impiae,
1190 3171 1322 3240 iniustam

201 3255 278 3314 conf.
298 3253 371 3313 Aen.
393 3256 629 3332 1v‚515.516;
650 3277 742 3336 porro
785 3275 875 3334 cupra
904 3256 1009 3334 Georg.
1038 3255 1171 3328 Π,128
1203 3277 1320 3314 caerae:

201 3341 293 3399 etiam
315 3339 408 3400 herba
430 3341 544 3420 aliqua:
567 3339 692 3400 llaeocr.
706 3341 742 3416 ll,
787 3339 902 3400 ubihic
915 3341 996 3400 idem
1017 3359 1087 3398 cum
1102 3351 1319 3418 aequenterer·

200 3424 311 3490 4849.
334 3427 387 3485 Est
399 3427 628 3505 deln'pponmne
640 3427 743 3506 dispu·
786 3447 836 3486 sua
848 3427 965 3505 legitur.
993 3425 1125 3486 Videtur
1139 3427 1320 3506 cogitandum

201 3513 278 3570 tatio
302 3513 393 3571 Baelii
414 3513 445 3571 in
466 3513 666 3586 Dictionario,
688 3531 744 3570 nec
787 3513 824 3572 de
837 3531 938 3572 amore
952 3510 1108 3570 Phaedrae
1129 3513 1163 3571 in
1183 3512 1321 3594 Hippoly-

201 3606 302 3655 tamen
328 3597 487 3676 quicquam
517 3598 665 3657 reconditi
685 3597 740 3656 ha·
786 3609 853 3658 tum
871 3607 923 3657 aut
943 3597 1029 3658 simili
1053 3597 1111 3657 alio
1133 3617 1281 3658 novercae
1295 3599 1322 3654 in

201 3682 283 3742 bene.
326 3683 462 3743 Praestat
485 3683 699 3742 Aubentonum
712 3691 744 3742 et
785 3684 965 3765 privignum.
1016 3687 1091 3747 288.
1119 3705 1180 3742 non
1210 3687 1321 3742 omnmo

201 3768 361 3828 Bulsonum
376 3768 473 3850 (Hinc.
490 3782 554 3828 nat.
572 3769 605 3827 T.
615 3769 665 3844 lV,
676 3789 743 3848 pag.
785 3769 889 3844 verba,
910 3769 1168 3844 incantationum,
1200 3767 1322 3828 carmini

201 3851 283 3928 214,
304 3865 335 3914 et
349 3875 378 3934 p.
391 3853 465 3936 829)
483 3854 603 3926 audire,
625 3855 744 3933 quido·
785 3855 906 3932 magica.
930 3853 985 3934 (De
998 3856 1097 3924 ferma
1113 3855 1260 3914 oratinnis
1269 3850 1322 3912 vid

202 3957 305 4013 onere,
328 3941 420 3998 fronti
435 3941 509 4020 pulli
525 3939 616 3999 talem
632 3957 744 3999 carun·
786 3940 824 4015 Q.
844 3941 878 3999 V.
894 3939 1048 4016 xxxtttl,
1062 3939 1094 4002 4.
1119 3939 1212 4020 Wr.)

202 4023 298 4081 culam
310 4045 380 4084 raro
394 4025 556 4085 admodum
571 4024 744 4102 adhaerere,
828 4024 936 4090 284-
948 4025 1020 4090 403.
1051 4025 1211 4084 Transitua
1224 4045 1242 4082 ι
1258 4039 1322 4082 cun

202 4107 255 4165 ecd
269 4109 349 4168 inter
368 4111 500 4170 amnium
514 4119 545 4168 et
559 4110 743 4170 alantoidem
785 4119 991 4171 armentorum
1003 4111 1042 4169 ad
1056 4131 1161 4170 utrem
1175 4112 1278 4170 on'mr
1296 4117 1321 4163 et

202 4193 404 4252 membranam
429 4215 494 4254 eam
520 4197 582 4254 lere
607 4197 742 4275 reperiri,
785 4217 953 4276 caprarum.
996 4197 1074 4256 Dum
1089 4197 1189 4256 omnia
1202 4193 1320 4254 haecde

202 4287 233 4334 et
248 4295 309 4334 ease
321 4299 377 4356 pro
387 4280 512 4357 liquoris
526 4281 665 4340 intersuai
677 4282 742 4339 lae·
785 4291 991 4341 armentorum
1006 4301 1079 4342 cure
1097 4281 1245 4360 sigillatim
1256 4299 1320 4358 per·

202 4359 285 4418 cibua
303 4361 480 4424 habendam.
511 4366 624 4425 Verum
637 4367 669 4426 in
684 4387 742 4426 no-
784 4375 958 4442 tractatum,
973 4367 1319 4446 cingulaperluctsamua

202 4453 265 4504 atro
285 4443 479 4524 hippomanes
500 4449 609 4528 prioris
627 4451 742 4531 generis
786 4453 868 4531 capti
883 4451 993 4512 harum
1005 4471 1107 4512 rerum
1120 4449 1228 4512 etudio.
1251 4467 1318 4524 nga-
