2706 5002
195 420 558 499 GEORGICON
582 423 686 498 LIB.
699 423 767 520 ΠΙ,
788 427 1008 506 151-162
1083 431 1158 507 581

30 613 80 684 Et
98 631 205 708 quos
220 621 286 683 aut
298 597 433 709 pecori
449 607 587 683 malint
604 608 837 688 submittere
854 611 1058 714 habendo,

31 719 113 788 Aut
131 712 208 786 aris
226 735 381 788 servare
400 737 548 808 sacros,
577 725 642 788 aut
657 713 838 791 scindere
852 729 998 792 terram
1088 726 1161 799 160

29 821 78 892 Et
99 839 292 916 campum
306 813 542 892 horrentem
557 812 688 891 fractis
702 817 900 895 invertere
914 821 1057 918 glebis3

31 923 181 998 Cetera
198 934 415 1020 pascuntur
427 919 561 996 viridis
579 934 755 996 armenta
770 947 845 1024 per
858 923 1010 1004 herbas.

84 1061 178 1136 159.
203 1060 283 1154 Er,

62 1232 125 1286 159
144 1231 265 1284 Turbata
280 1231 367 1282 oratio
388 1230 416 1282 in
429 1231 540 1300 copula:
566 1237 603 1286 Bt
616 1251 668 1286 non
681 1233 763 1286 habet
776 1233 900 1298 alterum,
918 1235 988 1303 qnod
1007 1236 1031 1287 ei
1050 1253 1162 1305 respon·

27 1301 112 1362 deat;
138 1317 196 1351 non
213 1301 358 1355 enimsatis
374 1301 531 1366 estdicerc,
555 1321 611 1354 esse
626 1301 760 1355 ordinem:
784 1305 991 1363 notasinurnnt:
1017 1306 1163 1358 etnomina
1197 1353 1200 1358 .

26 1370 140 1436 gentis,
168 1383 196 1420 et
211 1388 276 1439 qnos
293 1380 346 1422 aut.
360 1381 413 1422 aut.
428 1381 480 1422 aut.
502 1370 620 1492 qdixerat
635 1373 752 1426 Vossius.
775 1372 847 1440 Wr.)
882 1373 1028 1426 Difficultas
1042 1385 1163 1426 vereatur

26 1441 51 1490 iu
67 1440 143 1502 hoc,
164 1439 235 1507 quod
248 1440 286 1490 ita
299 1449 369 1490 esset
389 1441 501 1508 supplen
521 1459 562 1492 um
578 1455 604 1492 et
622 1443 740 1494 inurunt
758 1460 819 1504 eos,
844 1441 954 1508 vitulos,
972 1462 1047 1512 quos.
1082 1443 1162 1563 Atqui

27 1509 126 1560 rustici
144 1510 266 1560 inurunt
286 1521 368 1560 notus
385 1511 497 1574 vitulis,
522 1527 575 1562 uon
588 1513 792 1562 anteminuront
814 1513 926 1564 vitulos.
961 1517 1012 1564 Aut
1029 1511 1107 1580 igitur
1137 1513 1162 1562 i·-

27 1579 147 1629 cendnm
160 1587 217 1641 est,
235 1579 305 1646 quod
317 1577 344 1629 in
361 1588 425 1630 uota
444 1579 538 1648 pomi,
564 1589 608 1632 ant
624 1581 769 1637 accuratius
789 1579 895 1632 deloco
918 1589 959 1632 est
980 1582 1162 1650 quaerendum.

25 1649 60 1700 Ex
86 1647 268 1712 coniecturis,
293 1665 356 1716 quas
376 1647 438 1699 olim
462 1651 615 1712 attuleram,
642 1651 714 1702 nulla
732 1669 799 1703 nunc
822 1649 918 1718 placet.
949 1651 1162 1718 (Wunderlich.:
1204 1665 1205 1668 ’

25 1723 80 1780 „Ee
97 1735 153 1784 pro
169 1729 196 1767 et
211 1718 317 1786 quidem
331 1717 488 1770 declarando
504 1719 640 1770 inservit.“
665 1720 783 1772 Iahnius:
798 1719 1010 1788 „simplicissima
1025 1721 1092 1772 ratio
1105 1740 1163 1772 esse

24 1787 155 1849 ridetur,
182 1795 211 1836 ut
232 1787 265 1838 ad
286 1805 342 1838 voc.
364 1791 401 1838 Et
419 1805 450 1838 ex
470 1789 640 1854 praecedenti
661 1807 737 1840 versu
759 1790 831 1842 verb.
854 1791 970 1860 tignum
984 1789 1162 1860 suppleatur.“

24 1859 84 1908 lloc
104 1855 218 1916 durum,
245 1867 379 1926 utrumque
396 1856 555 1924 languidum.
591 1857 658 1909 Mihi
678 1859 716 1911 sic
731 1858 848 1910 videtur:
866 1869 947 1926 poeta
959 1877 1035 1929 quum
1053 1859 1104 1912 hoc
1118 1859 1163 1910 di-

25 1938 123 1978 cturus
140 1935 224 1976 esset:
244 1937 271 1976 et
291 1945 359 1994 quoe
379 1927 478 1978 malim
499 1926 668 1992 submittere,
686 1942 714 1980 et
727 1947 796 1998 quus
808 1930 867 1980 uris
880 1947 994 1979 servare
1006 1939 1056 1980 etc.
1075 1929 1163 1980 statim

23 1996 125 2056 aliam,
145 1993 342 2059 disiunctivum,
367 1995 457 2046 intulit
471 1997 641 2068 particulam,
664 2011 730 2062 aut,
748 1997 821 2068 quusi
840 1997 936 2048 oblitus
970 1998 1098 2066 raegreesi
1112 2003 1163 2062 Εις

23 2065 87 2116 hinc
109 2081 215 2115 comma
230 2069 342 2131 postEt
358 2065 458 2116 sustuli.
493 2067 570 2136 Apud
591 2065 706 2119 Nouium
728 2085 753 2120 v.
774 2067 938 2120 latrocinari
951 2015 1052 2138 legitur
1070 2069 1162 2136 fragm.

22 2133 122 2186 ennii:
162 2131 369 2215 „fortunasque
390 2153 462 2216 quae
485 2155 597 2207 coepere
615 2137 739 2189 latrones
758 2138 838 2188 Inter
862 2155 891 2188 se
913 2143 1086 2190 memorare.“
1121 2137 1164 2190 sio

22 2205 92 2254 edit.
109 2203 235 2266 Meroen,
254 2204 302 2254 sed
317 2221 345 2254 m
362 2204 426 2254 edit.
441 2207 569 2274 Fragmm.
582 2207 658 2258 Ennii
672 2206 773 2258 llessel.
791 2224 850 2276 pag.
870 2205 928 2260 1³1.
952 2205 1107 2276 „fortunus
1118 2227 1164 2258 ec-

21 2277 141 2344 quae;“
177 2282 316 2340 praeterea
337 2273 380 2324 vix
402 2283 493 2342 potest
512 2275 642 2340 dubitari,
668 2277 731 2344 quin
751 2295 861 2346 cepere,
886 2292 937 2326 uon
952 2295 1078 2357 coepere,
1096 2277 1165 2328 scri-

21 2343 117 2412 pserit
131 2339 241 2393 Ennius.
270 2343 322 2392 lam
335 2342 358 2394 si
370 2343 484 2410 genuina
501 2355 541 2396 eat
555 2345 635 2396 lectio
646 2345 783 2416 fortunus
796 2363 903 2414 ecquos,
918 2345 1002 2394 videri
1013 2355 1104 2412 potest
1118 2365 1165 2396 ee*

21 2430 98 2481 quas
118 2413 224 2462 Graeco
241 2401 277 2472 lle
291 2403 328 2462 ἄν
342 2413 512 2480 respondere.
549 2413 642 2480 Unde,
660 2413 704 2482 qui
716 2413 839 2464 audacior
855 2431 913 2463 esse
928 2413 1006 2476 velit,
1033 2414 1164 2476 coniiciat,

21 2481 99 2549 apud
120 2483 259 2530 Maronem
273 2479 411 2548 legendum
429 2499 500 2533 esse:
524 2487 695 2552 Ecquosuut
706 2484 813 2551 pecori,
837 2481 909 2532 cuius
923 2482 1023 2532 socium
1040 2483 1164 2534 audaciae

21 2551 134 2602 habeat
148 2548 284 2599 nautium
296 2549 328 2600 ad
343 2554 408 2601 Stat.
423 2551 485 2602 silv.
497 2553 516 2615 I,
534 2553 560 2615 d,
578 2553 603 2604 Ξ.
639 2550 691 2603 Sed
705 2561 744 2601 est
759 2550 836 2600 etiam
850 2549 901 2600 ulia
917 2551 1002 2614 ratio,
1021 2569 1071 2618 qua
1085 2562 1164 2601 tuea-

20 2619 58 2670 ris
72 2635 200 2686 ecquos,
219 2628 248 2670 ut
263 2635 294 2670 ea
307 2617 342 2669 sit
356 2621 500 2672 sententia:
518 2620 624 2671 inurunt
637 2629 730 2684 notae,
747 2637 783 2670 sc.
803 2618 1084 2686 investigantes,
1111 2637 1164 2672 eo-

21 2689 84 2758 qni
107 2687 182 2750 siut,
200 2704 265 2756 qnos
280 2687 371 2738 malint
383 2699 451 2752 ete.;
476 2691 508 2741 cl.
529 2692 593 2742 Not.
610 2689 643 2740 ud
657 2688 711 2740 Ecl.
731 2689 773 2750 111,
791 2685 834 2741 Ι11.
868 2689 942 2738 Hanc
959 2687 1165 2740 etemendatio-

20 2777 83 2809 nem
103 2767 134 2810 et
149 2755 352 2825 explicationem
385 2759 480 2810 ceteris
498 2757 697 2827 praeferendam
716 2767 790 2825 puto.
825 2758 927 2825 Ecquis
941 2766 967 2807 et
981 2769 1009 2807 et
1027 2761 1089 2826 quis
1102 2775 1164 2808 aex-

19 2827 132 2878 eenties
157 2827 281 2888 confusa,
306 2837 335 2878 ut
356 2826 459 2896 inipso
474 2829 568 2881 Medic.
588 2832 653 2879 Aen.
672 2829 723 2890 llI,
741 2824 801 2880 341.
820 2837 903 2893 etqua
920 2842 969 2893 pro
984 2843 1085 2944 ecquem
1111 2827 1164 2878 vid.

19 2899 100 2948 (nrt.
127 2893 166 2946 ad
183 2895 246 2948 Luc.
264 2897 316 2959 IV,
335 2897 394 2951 542
430 2901 464 2948 Et
480 2901 571 2969 eequis
589 2897 617 2949 in
638 2895 766 2948 indirecta
786 2894 996 2962 interrogatione
1023 2895 1109 2963 egitur
1121 2915 1163 2965 ap.

18 2969 76 3018 Cic.
108 2967 194 3017 Tusc.
217 2967 263 3028 IV,
279 2967 324 3030 23,
341 2967 383 3019 52
406 2967 476 3034 Wr.)
513 2967 728 3020 maluntMoret.
744 2982 785 3031 pr.
808 2964 971 3016 unuslllead.
1006 2965 1164 3018 mulitVen.

19 3049 47 3088 et
74 3037 155 3086 alter
175 3034 263 3086 Mead.
350 3037 401 3089 160
431 3055 527 3090 auctos
550 3053 639 3088 omues
663 3033 767 3086 vetusti.
809 3035 896 3085 sarria
914 3033 1001 3102 vulgg.
1024 3035 1084 3086 edd.
1104 3045 1165 3086 ante

18 3108 123 3158 licius.
140 3121 201 3156 cum
214 3105 344 3156 nonnullis
358 3105 436 3157 codd.
507 3109 559 3162 162
580 3117 736 3178 pascantur
751 3105 829 3154 Voss.
846 3119 886 3172 pr.
905 3104 979 3154 Leid.
993 3122 1032 3172 pr.
1068 3107 1165 3174 Iunge-

16 3175 128 3228 bantnr
144 3173 174 3224 iu
196 3171 256 3224 edd.
276 3173 437 3226 sententiae:
457 3205 490 3215 —
514 3177 652 3228 inuertere
665 3171 766 3244 glebis3
796 3177 891 3224 Cetera
900 3185 1056 3243 pascuntur
1070 3175 1166 3226 viridis

16 3255 166 3297 armenta
177 3261 229 3311 per
244 3241 350 3296 herbas.
386 3244 436 3296 llio
452 3255 537 3298 autem
552 3243 699 3314 quaeritur,
716 3242 822 3312 quinam
842 3241 882 3292 illi
900 3242 953 3294 sint
967 3253 1011 3294 ant
1025 3260 1082 3294 esse
1099 3261 1165 3313 pos-

17 3317 78 3366 sint
92 3311 191 3374 vituli,
208 3322 316 3432 praeter
329 3313 380 3364 tria
393 3332 490 3382 genere
504 3315 556 3366 iam
568 3323 720 3365 memorata.
756 3313 823 3364 Nam
835 3311 911 3362 vituli
922 3321 966 3364 aut
981 3313 1097 3376 feturae,
1120 3323 1165 3364 aut

15 3385 102 3436 lanio
122 3383 160 3434 ad
175 3399 207 3432 cn
219 3391 286 3432 trum
298 3382 338 3433 vel
353 3384 386 3434 ad
399 3402 484 3447 eram,
502 3395 547 3435 aut
560 3381 672 3435 arationi
688 3381 869 3433 destinantur:
887 3399 940 3432 uon
960 3392 1080 3450 apparet,
1099 3401 1164 3450 qnae

16 3455 80 3505 sint
95 3465 204 3503 ceteru-
241 3451 427 3504 Difficultatem
443 3453 494 3504 iam
508 3463 625 3505 senserat
638 3451 731 3514 (larda,
749 3459 805 3502 tum
821 3451 941 3532 Martyn,
960 3451 1003 3519 qoi
1023 3451 1061 3500 ita
1077 3463 1165 3501 sustu-

15 3525 71 3588 lit,
104 3533 251 3573 utversnm
273 3523 325 3575 162
343 3525 438 3574 Cetera
447 3536 603 3594 pascuntur
622 3551 655 3560 -
676 3537 733 3572 cum
746 3537 819 3589 seqq.
838 3528 1022 3588 comungeret3
1051 3519 1165 3571 utlocus

14 3677 113 3738 tero,
143 3661 228 3740 quod
248 3661 383 3740 sequitur
403 3672 433 3722 et
458 3663 495 3722 de
517 3664 580 3722 ciue
621 3671 743 3742 torpere
769 3660 882 3721 vident
913 3659 975 3719 vid.
996 3657 1034 3717 ad
1057 3679 1087 3718 v.
1114 3663 1164 3722 73.

13 3753 180 3812 iunctura
198 3752 320 3808 niumm
338 3761 425 3807 notae
445 3763 473 3807 et
492 3769 576 3828 quoe.
621 3745 776 3806 tabem·
799 3747 904 3819 or'nat,
927 3743 1009 3822 quod
1027 3743 1165 3820 habetur,

15 3836 157 3895 Scilicet
179 3833 276 3892 altero
298 3833 365 3892 loco
381 3834 581 3914 supplendum
623 3833 723 3921 alitur.
744 3839 781 3891 ut
796 3834 849 3891 Ge.
869 3831 892 3904 1,
908 3835 937 3894 3.
981 3829 1028 3888 Ad
1043 3839 1164 3888 senten·-

14 3933 88 3981 eet:
121 3927 156 3976 et
173 3919 303 3978 inurunt
325 3929 412 3980 notes
428 3922 483 3994 iis,
508 3942 581 4000 quoe
623 3919 697 3978 tiam
719 3918 796 3976 conl
816 3915 930 3976 Colum.
948 3914 1053 3990 Vll‚9,
1072 3920 1111 3978 12
1127 3915 1165 3974 de

15 4007 164 4078 malua,
196 4002 227 4063 h.
242 4023 267 4063 e.
282 4013 380 4080 notas,
403 4005 511 4082 quibus
526 4005 582 4064 de-
625 4005 737 4064 snibus.
777 4006 840 4060 arra
868 4021 985 4060 eernere
1012 3999 1165 4060 decentius

14 4095 157 4172 signent
173 4109 239 4164 eos,
263 4109 338 4167 qnos
356 4091 462 4149 malint
478 4104 583 4150 aut-
625 4097 711 4164 erat,
733 4107 823 4166 quam
834 4085 914 4146 lanio
927 4085 1058 4144 tradere.
1095 4089 1165 4149 161.

12 4191 96 4238 aut.
144 4172 263 4256 (Notas
276 4177 415 4249 murum,
440 4197 514 4255 quoe
526 4195 583 4256 pro
625 4173 970 4252 campumbonum,
991 4169 1166 4250 simpliciter

13 4273 161 4332 notatu,
184 4279 278 4338 quoe;
308 4260 340 4318 in
362 4279 422 4338 qno
444 4281 507 4320 nou
529 4269 583 4336 eat,
626 4259 784 4330 novalem,
812 4277 869 4337 pro
890 4275 1069 4334 quocunque
1095 4277 1166 4335 egro

13 4345 119 4428 quod
147 4343 289 4422 haereas3
324 4345 377 4403 sed
404 4345 466 4404 vid.
492 4345 527 4405 V.
550 4346 582 4404 1..
625 4345 724 4424 glebas
742 4343 834 4404 durus
849 4351 880 4402 et
894 4359 1012 4420 asperae
1027 4341 1166 4400 habente.

19 4429 129 4512 Wr.)
178 4431 251 4496 159.
280 4429 447 4490 submittere
475 4429 509 4489 in
534 4431 583 4490 lo-
629 4433 699 4494 162.
735 4429 837 4488 Cetera
869 4441 1023 4502 arnwnta,
1058 4425 1167 4504 reliqui

15 4527 109 4574 mm
130 4535 251 4592 aarum,
288 4535 365 4596 quos
391 4514 431 4574 ad
454 4516 583 4576 laturam
625 4514 860 4594 quidemotuues
868 4512 958 4572 rituli
971 4512 1003 4572 in
1017 4509 1165 4571 communi

876 4615 956 4678 34*
