2758 4990
268 379 629 456 GEORGICON
657 379 1083 476 Llss.1v,469-4s5
1162 389 1236 462 677

106 565 214 660 Quin
233 565 340 665 ipsae
356 580 544 668 stupuere
561 566 706 642 domus
725 579 843 668 atque
859 569 997 644 intima
1008 571 1093 648 Leti

103 675 285 765 Tartara,
314 670 596 774 caeruleosque
614 669 792 770 inpletae
807 673 979 747 crinibus
995 673 1131 771 anguis

97 772 368 870 Eumenides,
392 776 601 875 tenuitque
618 773 773 849 inhians
790 776 862 850 trin
880 776 1078 854 Cerbenrs
1091 801 1171 874 ora,

99 881 237 976 Atque
248 877 387 952 Ixionii
403 891 523 960 vento
536 890 623 952 rota
636 879 810 954 constitit
823 878 940 959 orbis.

98 983 271 1081 Iamque
284 979 434 1080 pedem
444 980 630 1058 *reserens
646 1004 758 1058 casus
771 997 944 1058 evaserat
960 983 1102 1081 omnis,
1155 985 1231 1061 485

140 1187 191 1242 481
208 1189 296 1268 Atqui
312 1191 390 1260 ipsae
404 1189 491 1242 Schol.
511 1191 604 1242 Horat.
624 1191 717 1260 Crnqu.
735 1191 784 1243 0d.
803 1194 835 1254 Il,
854 1194 894 1247 15.
926 1193 1048 1264 sapuere
1061 1187 1168 1240 Mentsl.
1180 1206 1230 1257 pn,

98 1267 134 1307 ut
155 1257 201 1308 alii
222 1257 296 1310 abas.
330 1258 446 1326 (verbum
467 1259 576 1328 simplex
597 1273 709 1332 stupere
733 1260 830 1329 ubique
850 1271 938 1317 servat
958 1281 976 1312 u
998 1261 1026 1312 iu
1041 1258 1136 1310 Medic.
1159 1257 1229 1324 Wr.)

99 1324 270 1398 obstupuere
287 1344 352 1377 uuus
372 1329 459 1379 Mead.
495 1330 589 1381 damus
607 1329 731 1382 Itotteud.
751 1347 791 1396 pr.
812 1349 877 1382 um.
900 1350 940 1400 pr.
957 1333 993 1382 Io.
1008 1328 1146 1382 Schrader.
1161 1327 1229 1378 coni.
1288 1385 1291 1388 ¹

96 1397 202 1447 intima
218 1398 282 1447 Leti
299 1397 422 1462 Limina,
451 1398 643 1480 pereleganter.
710 1398 764 1452 482
787 1401 974 1470 caeruleisque
989 1399 1085 1450 Medic.
1106 1416 1122 1449 a
1139 1415 1173 1450 m.
1188 1415 1229 1465 pr.

95 1467 157 1586 im
179 1483 209 1516 ea
230 1465 304 1534 prior
322 1465 424 1528 tectim
457 1469 526 1518 idem
540 1468 568 1518 iu
585 1468 644 1519 Alb.
667 1477 760 1519 exstat.
781 1468 853 1536 Wr.)
889 1487 941 1539 que
959 1470 1035 1520 abest
1055 1487 1071 1521 a
1089 1467 1181 1518 Franc.
1202 1475 1229 1516 et
1318 1481 1322 1490 ’

111 1552 196 1602 regni.
210 1537 306 1586 Moret.
340 1537 463 1605 impexae
482 1537 577 1588 Medic.
600 1555 616 1588 a
632 1555 666 1590 m.
681 1555 734 1590 sec.
750 1539 817 1590 Gud.
833 1557 896 1590 am.
914 1557 955 1606 pr.
967 1541 1046 1592 Voss.
1064 1555 1122 1590 cum
1143 1535 1228 1588 tribus

96 1604 161 1656 aliis
184 1603 300 1669 Heiusii,
322 1604 442 1656 Parthas.
476 1607 565 1658 Possit
585 1606 680 1676 aliquis
701 1607 833 1659 Tibullum
854 1607 963 1658 laudare
982 1610 1002 1672 l,
1020 1609 1046 1673 3,
1064 1609 1107 1672 69,
1125 1603 1171 1660 sed
1189 1603 1227 1656 ibi

96 1673 207 1726 diversa
219 1674 289 1724 ratio
306 1683 354 1725 est.
379 1673 479 1726 vidad
493 1693 515 1726 e.
531 1676 550 1726 l.
581 1677 731 1747 implexae,
755 1677 827 1745 quod
842 1679 957 1744 Nauger.
977 1677 1075 1746 primus
1091 1673 1227 1745 expressit,

94 1761 192 1796 verum
209 1755 262 1809 est,
290 1753 318 1794 et
334 1743 421 1795 firmat
434 1763 493 1812 pars
516 1745 592 1796 codd.
611 1745 719 1808 melior,
742 1745 818 1798 etiam
833 1747 952 1799 Arusiau.
971 1746 1091 1800 Messius.
1123 1747 1225 1812 (Horat.

93 1812 187 1882 Epod.
200 1815 234 1878 V,
253 1812 309 1866 15.:
333 1812 467 1879 „Canidia
478 1815 602 1866 brevibus
625 1815 800 1884 inplicata
822 1815 920 1883 viperis
935 1813 1023 1868 Crines
1046 1826 1073 1867 et
1086 1813 1227 1866 iucomtum

94 1885 213 1952 caput.“
235 1881 306 1948 Wr.)
347 1882 448 1933 Eodem
467 1883 560 1934 alludit
585 1903 627 1935 am
647 1885 725 1936 lexas
742 1884 770 1936 in
797 1885 928 1938 nonnullis
946 1885 1087 1951 Pierisnis,
1115 1892 1227 1953 quatuor

94 1952 193 2004 Heius.
208 1953 274 2020 fleg.
292 1951 399 2002 Martia.
419 1953 473 2004 Eri.
490 1962 518 2003 et
541 1953 600 2005 edd.
638 1952 730 2006 orimb.
751 1957 860 2022 urgent.
873 1955 952 2008 Aldd.
972 1974 1013 2024 pr.
1028 1973 1081 2007 sec.
1103 1964 1131 2004 et
1144 1951 1225 2004 Goth.

94 2040 142 2090 pr.
176 2023 310 2084 innexae,
327 2021 397 2090 quod
411 2023 541 2074 Romanus
556 2023 650 2086 babet,
674 2031 701 2073 et
722 2023 814 2092 fragm.
833 2025 920 2076 vatic.
944 2034 985 2076 est
1005 2025 1226 2093 interpretamen-

93 2103 164 2142 tum.
198 2091 262 2142 Erat
275 2090 314 2144 sia
326 2095 391 2142 Aen.
406 2093 451 2154 v1‚
468 2093 518 2146 281
530 2091 667 2144 Discordia
685 2095 712 2144 V
709 2095 827 2163 ipereum
841 2096 943 2146 crinem
958 2096 1035 2146 vittis
1046 2096 1148 2146 innexu
1159 2109 1225 2143 cru-

1 2191 2 2194 =
95 2163 182 2212 entis.
234 2157 287 2214 483
301 2179 352 2230 que
365 2171 426 2229 post
440 2164 528 2212 tenuit
541 2162 618 2213 abest
630 2182 645 2214 a
657 2161 797 2227 normullis,
814 2163 866 2214 vid.
881 2166 974 2226 burm,
991 2163 1070 2216 etiam
1082 2161 1152 2231 apud
1162 2161 1226 2212 Ple·

1 2261 2 2264 =
93 2229 182 2295 rium,
201 2238 228 2279 et
243 2240 316 2280 recte
336 2239 409 2296 puto.
440 2232 503 2311 {Sed
521 2249 613 2300 parum
636 2231 771 2300 explorata
792 2242 832 2283 est
848 2232 913 2284 fides
926 2251 1016 2286 eorum
1031 2232 1117 2294 codd,
1134 2230 1225 2300 aqui·
1310 2276 1314 2288 .

1 2311 2 2334 ³
93 2301 149 2350 bus
167 2298 244 2350 abest
263 2299 365 2368 copula.
400 2300 535 2352 Hernaiaui
555 2310 627 2351 certe
646 2301 707 2351 libri
728 2317 817 2352 omues
840 2304 982 2371 tenuisque
1001 2301 1071 2353 tueri
1090 2301 1224 2362 videntum

1 2383 2 2406 ³
94 2371 147 2421 cfr.
163 2367 241 2419 etiam
255 2370 288 2432 Q.
311 2370 342 2420 V.
364 2369 425 2432 XII,
445 2369 486 2422 15.
504 2369 606 2420 conius
628 2371 660 2420 ad
680 2372 780 2424 Lucan.
803 2373 823 2435 1,
841 2371 902 2424 642.
920 2373 1024 2432 tenuit,
1050 2370 1106 2422 siue
1121 2369 1224 2438 copula,

93 2439 127 2490 in
142 2437 335 2506 antiquioribus
347 2435 400 2488 suis
415 2439 478 2488 Mas.
490 2437 543 2505 legi
557 2447 674 2490 testatur.
695 2440 767 2504 Wr.)
836 2437 889 2492 484
905 2440 957 2489 Pro
977 2451 1061 2490 venta
1075 2439 1161 2488 Faber
1174 2455 1224 2488 us*

1 2523 3 2547 ὲ
93 2509 155 2570 on,
173 2509 333 2558 Burmannus
347 2519 444 2570 cantu,
461 2507 548 2570 lente,
565 2507 608 2558 vel
618 2525 712 2578 campo
725 2507 887 2559 coniiciebnt.
915 2508 1015 2576 flenda
1027 2507 1223 2575 reposuitWa-

92 2578 153 2628 kat.
187 2577 286 2630 Saltem
306 2575 335 2626 iu
353 2585 416 2626 nota
438 2576 536 2645 apponi
555 2576 724 2628 sanuserat!
761 2579 848 2628 Canta
865 2575 1156 2643 tirrnsutntiquecodd.
1170 2574 1223 2625 ali-

93 2657 164 2715 quat
182 2647 254 2714 apud
274 2643 401 2707 Pierium3
425 2655 452 2696 et
471 2656 578 2714 recepta
599 2655 639 2696 est
662 2664 693 2698 ea
706 2645 785 2696 lectio
808 2645 971 2706 aMurtiuo,
998 2643 1119 2696 neceliis
1137 2643 1221 2696 doctis

91 2716 160 2767 viris
173 2735 230 2768 eam
243 2713 386 2784 improbari
398 2715 459 2766 ridi.
492 2716 577 2766 Docet
588 2725 675 2766 tamen
687 2731 776 2766 seusus
787 2713 891 2765 criticus
905 2731 936 2764 ex
947 2712 1152 2782 interpolatione
1166 2731 1222 2764 eam

1 2826 3 2831 .
93 2803 157 2836 esse
205 2785 348 2848 rorectam,
378 2785 398 2837 i.
424 2803 455 2836 ex
473 2803 497 2836 v.
522 2785 572 2839 471
593 2789 632 2838 As
648 2797 741 2837 cantu.
782 2785 891 2836 leiensi
908 2783 1027 2836 scribunt
1048 2782 1123 2834 multi
1144 2781 1221 2834 codd.

1 2876 2 2882 ¹
93 2855 177 2906 eted

90 3034 132 3075 ro
146 3016 259 3072 cunum
267 3059 276 3088 ,
301 3015 338 3074 ub
361 3015 442 3074 omni
455 3023 564 3102 pane,
586 3016 637 3074 al·
679 3013 802 3074 drumm
815 3011 963 3096 appellare
976 3007 1086 3092 potuit,
1097 3023 1135 3072 ut
1150 3009 1221 3070 alias

92 3101 196 3178 ligat,
220 3107 250 3156 et
263 3112 373 3158 coemes
385 3146 394 3176 ‚
419 3101 562 3179 implicat,
578 3100 637 3158 im·
679 3101 751 3160 Orci
779 3100 880 3178 regia,
916 3099 1076 3158 Furiarum
1105 3095 1229 3171 domus,

91 3184 192 3265 pedit,
214 3193 250 3244 ut
259 3187 372 3245 Statius
388 3194 418 3245 et
430 3187 478 3246 alii
492 3185 638 3246 bocidem
679 3185 774 3245 audit.
817 3185 913 3244 Aliter
929 3183 1002 3244 Aen.
1017 3183 1064 3260 .VI,
1078 3187 1151 3257 277,
1168 3181 1221 3242 ubi

1 3268 3 3273 ’
91 3271 235 3330 efferunt.
279 3273 352 3349 Styx
365 3276 465 3332 novies
481 3272 637 3350 interfusa,
679 3274 789 3330 Letrsm
806 3271 837 3330 in
852 3271 949 3350 primo
965 3270 1037 3330 Orci
1052 3269 1138 3327 adltu
1155 3267 1220 3326 col-

92 3357 170 3416 dum
183 3357 286 3416 novies
298 3358 393 3416 ambit
406 3359 544 3416 Erebum.
571 3357 638 3417 Hac
678 3357 767 3416 locat.
796 3357 921 3435 Reliqua
938 3357 975 3415 de
990 3357 1117 3414 Tartaro
1130 3362 1220 3412 utro-

1 3439 2 3445 '
91 3441 639 3522 ultimumexprimerevoluereClau·
680 3443 770 3520 bique
798 3443 991 3502 conveniunt.
1016 3461 1045 3499 v.
1078 3439 1141 3504 555
1156 3457 1219 3516 sqq.

1 3524 2 3564 3
92 3528 175 3587 dian.
194 3529 334 3604 XXXIII,
352 3534 393 3592 28
415 3552 489 3608 quos
512 3529 585 3607 Styx
596 3531 638 3588 li-
680 3528 752 3592 483.
774 3530 896 3588 udaiuns
915 3525 1012 3606 simpl.
1025 3525 1119 3584 hiano.
1146 3522 1219 3587 484.

1 3676 3 3679 ,
91 3612 229 3673 ventibus
248 3615 343 3673 ambis
359 3615 512 3692 interfusa
535 3615 634 3690 uadis,
680 3627 769 3694 utque
789 3616 903 3672 Ixionii
919 3625 1005 3670 vento
1023 3623 1088 3670 ruta
1108 3611 1219 3666 cancti-

91 3708 126 3758 et
150 3699 266 3758 Statius
289 3699 382 3760 Theb.
409 3699 465 3774 lV,
489 3699 552 3765 524
596 3703 637 3758 Et
679 3699 813 3760 ritorto.
836 3697 963 3776 siquis,
987 3694 1131 3756 sermonis
1145 3713 1220 3773 poe-

95 3786 172 3862 Styx
186 3785 319 3843 dicerene
330 3787 471 3864 mterflua
488 3785 637 3845 Manibus
677 3786 730 3844 tici
743 3786 868 3843 Romani
880 3783 951 3842 satis
963 3801 1083 3862 guarus,
1098 3778 1220 3839 adhaec

1 3876 5 3885 ‘
92 3881 182 3927 errat.
677 3871 799 3950 legenda
812 3871 975 3944 accesserit,
989 3867 1119 3927 necdum
1131 3865 1218 3926 sliam

138 3953 211 4017 481.
240 3956 326 4031 ipsae
345 3955 471 4014 damin:
501 3955 636 4013 Plutonis
677 3958 825 4016 rationum
847 3955 1014 4028 imbiberit,
1036 3951 1217 4032 simplicissi-

92 4039 175 4117 regia
195 4057 248 4097 seu
266 4059 391 4116 regnum
417 4057 479 4098 esso
508 4041 636 4118 possint,
679 4063 758 4102 mam
775 4061 837 4100 esse
857 4041 974 4100 videbit
989 4039 1082 4098 hanc:
1104 4039 1220 4097 Ixionii

1 4134 3 4158 ⁸
94 4125 248 4184 enimvero
269 4125 306 4183 de
326 4126 453 4186 Tartaro
466 4145 548 4186 nnuc
561 4125 636 4206 sgit5
679 4127 755 4186 orbis
785 4140 850 4186 ruta
870 4129 999 4184 constitu
1018 4136 1118 4198 vento,
1147 4131 1218 4182 tur-

92 4211 444 4290 praemittiturquoqna,
467 4215 636 4290 quisquae
677 4213 764 4286 bine,
796 4213 925 4288 vortice,
949 4219 1048 4284 motu,
1070 4229 1134 4270 suo.
1178 4207 1219 4266 Ut

1 4293 3 4330 l
94 4295 201 4354 domus
224 4299 295 4354 Leti
314 4310 341 4355 et
361 4297 468 4355 batim
493 4299 633 4372 lurtum,
678 4310 763 4358 verita
791 4299 934 4359 audacius
961 4297 1076 4356 dictum
1100 4293 1140 4352 sit
1161 4313 1218 4372 pro

1 4403 2 4412 ¹
94 4381 280 4458 splendidius
304 4381 380 4459 boc,
415 4403 505 4460 quarn
532 4383 635 4442 intima
673 4383 798 4450 ‚turbine
822 4394 930 4458 rotae,
961 4385 1024 4464 ipsa
1050 4377 1217 4454 rotatione,

94 4465 170 4542 ¹⁰⁰²»
191 4468 364 4548 [1011017858-
392 4469 552 4528 'ianuam
567 4471 637 4528 Leti
678 4465 793 4557 ῥόμβῳ.
831 4470 1022 4532 subtiliorem
1038 4461 1218 4546 disputatio-
