2784 4988
427 1498 1108 1618 PRA‘EFATIO

315 1813 699 1892 TERTIAE
751 1808 1232 1890 EDITIONIS

668 2077 878 2092 m·-

207 2207 347 2344 Quod
361 2265 436 2318 nec
454 2240 709 2344 expectabam
723 2261 799 2315 nec
815 2237 1036 2338 sperabam,
1059 2247 1106 2313 ut
1119 2236 1241 2312 tertia
1260 2239 1355 2315 vice

207 2359 258 2437 ad
274 2360 483 2460 Virgilium
497 2362 611 2437 novis
628 2361 730 2438 curis
745 2356 1043 2436 retractandum
1061 2380 1279 2458 evocarer,
1311 2360 1356 2436 id

114 2571 120 2582 ι
206 2480 307 2557 mihi
322 2483 485 2584 propitii
499 2481 676 2558 numinis
689 2477 891 2556 beneficio
911 2478 1084 2576 contigit.
1136 2483 1245 2556 Post.
1263 2484 1358 2582 pri-

206 2628 318 2678 mam
342 2601 697 2681 enim'editionem
721 2601 833 2677 annis
862 2603 1209 2680 LXVH-LXXV
1231 2625 1359 2680 cura-

207 2737 303 2822 tam,
332 2749 425 2801 cum
443 2723 567 2800 editio
583 2723 730 2818 minor,
757 2719 808 2797 ad
823 2719 951 2796 solam
965 2721 1358 2822 interpretationem

209 2858 355 2946 poetae
370 2845 566 2942 instituta,
595 2867 700 2920 anno
723 2845 880 2926 LXXIX
896 2865 1035 2918 excusa
1051 2855 1166 2948 esset,
1194 2843 1360 2921 iterum

211 2989 379 3065 operam
403 2989 538 3040 meam
562 2965 598 3041 ei
615 2961 870 3040 commodavi
883 2961 925 3037 in
943 2961 1121 3039 editione
1137 2961 1262 3040 altera
1277 2990 1360 3040 an-

208 3085 270 3158 nis
288 3087 619 3164 LXXXVII-IX
637 3081 811 3182 vulgata,
839 3095 880 3158 et
902 3081 1053 3183 aliquot
1076 3083 1188 3157 annis
1202 3099 1360 3183 postea

210 3199 383 3278 Londini
406 3203 592 3302 repetita3
629 3227 722 3278 cum
748 3203 900 3279 interea
919 3200 1034 3304 prelo
1055 3203 1224 3303 repetita
1240 3221 1363 3284 esset

211 3321 335 3400 editio
356 3322 494 3396 minor
524 3321 776 3398 emendatior
811 3345 917 3398 anno
939 3325 1141 3402 LXXXIX
1192 3324 1363 3405 Indicia

211 3453 395 3544 expertus
418 3465 508 3517 sum
529 3429 709 3518 virorum
733 3442 947 3518 doctorum
968 3455 1052 3520 tam
1069 3441 1268 3544 liberalia,
1305 3463 1366 3524 ut

211 3591 257 3641 ea
275 3564 358 3666 ipsa
374 3560 474 3638 mihi
493 3560 574 3638 hoc
594 3575 784 3664 tanquam
807 3585 910 3639 onus
924 3564 1136 3666 imponere
1155 3565 1364 3644 videren-

209 3699 293 3780 tur,
320 3697 385 3780 ut,
413 3695 608 3784 quantum
624 3707 804 3784 possem,
831 3683 1009 3760 studium
1025 3685 1068 3760 in
1088 3685 1365 3768 emendanda

211 3817 251 3881 et
265 3801 513 3903 perficienda
527 3827 651 3906 opera
665 3827 756 3880 mea
779 3801 1029 3884 collocarem.
1081 3809 1222 3910 anue
1237 3808 1282 3882 in
1303 3835 1364 3886 re

23 4029 25 4036 ι
67 4003 73 4008 ,
211 3937 321 4000 tanto
334 3923 553 4022 religiosius
565 3921 666 4001 mihi
681 3923 921 4001 versandum
937 3947 1023 4000 esse
1033 3927 1177 4026 putavi,
1193 3943 1365 4030 quanto

211 4043 352 4119 melius
365 4043 451 4144 ipse
469 4043 626 4143 cognita
644 4067 687 4119 ac
710 4057 917 4146 perspecta
932 4043 1126 4122 haberem
1145 4072 1211 4144 ea,
1240 4074 1365 4150 quae

38 4223 42 4230 .
67 4195 87 4213 ·-
210 4164 251 4239 in
269 4161 333 4238 illa
351 4186 474 4263 opera
495 4189 588 4241 mea
605 4177 673 4240 aut
695 4161 958 4240 desideranda
974 4179 1123 4261 essent,
1151 4181 1220 4244 aut
1234 4167 1368 4247 aliter

213 4282 509 4364 constituendas
543 4289 806 4387 Nequaquam
824 4283 932 4360 enim
946 4285 997 4362 ad
1012 4285 1225 4386 Virgilium
1242 4315 1365 4392 nova

212 4403 468 4480 annotatione
489 4403 769 4482 instruendum
793 4427 843 4481 eo
866 4405 1002 4483 animo
1025 4421 1068 4484 et
1091 4409 1262 4487 consilio
1285 4435 1367 4487 ac-
