2634 5012
189 389 546 466 osouotcon
572 393 676 469 ans.
700 393 756 489 n,
784 401 946 473 ss-n
1049 403 1130 478 aas

35 577 222 652 Castaneas
235 573 363 675 ssgtts,
393 601 596 678 ornusque
614 579 787 656 incanuit
804 581 894 657 albo

57 750 82 800 71
99 751 145 800 lam
156 759 257 802 veteres
271 751 322 803 tul.
334 761 477 803 tentarunt.
494 751 546 802 vid.
553 751 685 820 Seruiana,
701 751 847 824 Philargyr.
859 764 886 806 et
898 754 1019 807 Pieriam.
1035 757 1128 824 (pote-

33 816 58 868 ris
75 818 137 868 omni
160 819 208 871 bac
228 819 405 892 disputatione
423 819 501 872 facile
516 823 705 890 supersedere,
730 823 751 874 si
772 824 868 892 legeris
883 843 928 890 ea,
952 843 1018 894 quae
1035 825 1128 892 scripsi

33 885 208 1026 iiivirii'
228 888 658 1028 ituitittfttiittt
671 891 1127 1033 t't'itttttttifftttt

44 1041 79 1084 ue,
93 1043 153 1095 pro,
178 1029 248 1096 lagi,
270 980 390 1098 gagatem
415 1029 485 1098 qnod
498 1029 581 1080 lierda
598 981 730 1100 amplexis
748 1041 788 1082 cst
810 1041 837 1082 et
854 983 1021 1100 Cnninghab.
1037 1032 1127 1084 Heius.

27 1043 93 1164 lagos
105 1114 194 1174 praeca
208 1099 292 1150 lousa
306 1098 452 1166 accipiebat
465 1117 515 1167 pro
523 1096 560 1168 fa
581 1117 621 1151 ns.
656 1099 707 1152 Alii
721 1099 920 1170 interpnnrere:
943 1103 1083 1152 Inseritur
1094 1131 1126 1140 -

31 1175 50 1212 et
60 1155 277 1238 scentesiplasam'
288 1169 380 1220 malis:
397 1185 508 1238 gessere
521 1119 580 1218 vai

31 1229 59 1280 ari
70 1232 249 1302 impingerent,
262 1239 313 1288 tait
328 1237 448 1306 ambigna
463 1247 602 1288 structura.
626 1239 713 1308 Vulgo
728 1239 847 1308 legerunt
862 1251 889 1291 et
900 1239 1038 1291 iunxerunt
1048 1240 1128 1292 verba

31 1305 55 1350 lit
69 1316 206 1357 castaneae
221 1305 310 1378 sagos
328 1325 384 1360 cnm
407 1307 635 1372 antecedentibus,
659 1319 689 1359 nt
708 1308 919 1376 subintelligatur
937 1327 1055 1379 gessere.
1089 1309 1127 1360 lta

30 1387 73 1420 iero
84 1373 152 1440 sagus
163 1375 242 1427 insita
255 1388 325 1428 esset
337 1386 489 1428 castaneae:
508 1375 572 1428 mira
581 1395 642 1441 rea,
658 1395 735 1446 qnam
746 1395 822 1429 nemo
836 1377 913 1430 facile
925 1377 1028 1447 probet.
1051 1379 1127 1428 Mar-

30 1439 92 1518 p'nus,
108 1443 176 1495 cuins
189 1456 290 1513 septem
303 1447 380 1498 codd.
393 1445 419 1496 iu
437 1449 587 1496 Castaneas
594 1443 620 1516 s
652 1465 683 1498 os
696 1447 910 1513 consentiebant,
925 1465 981 1500 cum
993 1457 1126 1498 castaneae

30 1519 78 1559 nter
94 1511 180 1564 obvios
200 1526 229 1566 et
245 1515 310 1567 viles
328 1516 427 1567 fructus
441 1515 539 1566 luerint
557 1514 584 1564 in
595 1465 684 1580 liiiia,
707 1517 829 1584 fagineae
843 1529 933 1568 canna
952 1515 1059 1584 glandes
1076 1531 1126 1586 pro

29 1577 121 1632 dulcibus
136 1583 260 1649 habitae,
275 1601 328 1636 non
346 1583 448 1636 dubitat
462 1585 510 1635 has
527 1585 654 1636 castaneis
667 1585 747 1638 inseri
763 1587 971 1655 potuissentque
986 1585 1053 1636 adeo
1067 1585 1127 1636 vul-

30 1659 92 1712 genn
105 1651 243 1704 lectionem
260 1664 289 1706 et
309 1663 465 1706 structuram
482 1653 619 1722 seqnitur,
644 1673 710 1724 qnae
729 1655 756 1706 in
769 1655 848 1708 atdd.
863 1673 902 1724 pr.
919 1667 946 1708 st
959 1672 1011 1706 sec.
1025 1664 1052 1704 et
1065 1649 1127 1705 hinc

29 1719 125 1780 proiectis
138 1723 268 1786 occurrit,
292 1726 383 1774 cnsnE
404 1733 456 1774 nat.
477 1733 504 1774 et
520 1722 586 1774 aliis.
620 1723 758 1776 Meliorem
773 1725 912 1776 lectionem
926 1723 1001 1775 dedit
1012 1725 1125 1792 Nauger.

29 1785 104 1864 ulid.
121 1800 181 1842 teet.
200 1797 352 1844 castaneae
366 1741 472 1873 stipas,
498 1809 643 1862 omnaque.
679 1797 716 1845 Ut
730 1793 858 1846 sententia
871 1813 887 1846 a
900 1793 1037 1862 superiore
1050 1809 1127 1844 versu

29 1864 51 1904 nt
64 1857 192 1922 disiuncta,
213 1872 292 1930 atqm
299 1861 390 1933 sagus
402 1863 529 1914 incanuit
539 1863 617 1930 flore
631 1875 776 1916 castaneae
788 1863 916 1931 iungatur.
951 1862 1043 1914 Mirari
1055 1861 1126 1926 ticet,

29 1923 116 1978 editores
129 1948 185 1982 eum
206 1929 300 1982 iterum
319 1929 474 1982 deseruisse.
507 1931 617 1998 Legitur
629 1931 681 1984 hoo
693 1931 763 1984 idern
778 1933 805 1984 in
820 1934 926 1984 Mentel.
940 1951 982 2000 pr.
995 1951 1010 1984 a
1025 1950 1058 1984 m.
1073 1949 1125 1984 sec.

29 1993 78 2045 ain
90 1999 166 2050 Goth.
178 2018 232 2052 sec.
267 1999 335 2052 Mihi
344 1999 434 2072 sagus
446 2018 461 2051 a
475 2010 557 2066 poeta
573 2000 701 2067 positum,
721 2003 768 2054 sed
783 2021 799 2054 a
817 2001 996 2055 Grammaticis
1010 2020 1043 2052 ex
1056 2000 1126 2052 inani

27 2075 88 2126 nen,
102 2086 133 2118 ne
146 2070 251 2138 syllaba
265 2069 351 2120 brevis
365 2080 475 2120 metrum
487 2068 619 2134 solveret,
637 2069 664 2120 in
673 2069 762 2143 sagas
771 2082 900 2124 mutatum
913 2072 1015 2140 hocque
1029 2071 1064 2123 ad
1076 2089 1126 2122 an-

28 2133 145 2189 tmedentia
159 2149 302 2190 retractum
315 2155 373 2190 esse
385 2137 497 2190 videtur.
523 2139 575 2189 Vix
587 2137 639 2190 dici
652 2150 750 2207 potest,
767 2153 831 2210 quot
842 2151 981 2209 poetarum
992 2141 1051 2194 looa
1064 2157 1126 2191 cor·
1146 2179 1149 2188 .

26 2205 188 2342 iiiiii?
202 2207 1126 2346 its.t¹t.¹²⁰;¹.t⁵i⁰¹ttsttttttttttttmttltltttt

26 2339 89 2406 XVII.
101 2348 140 2411 10,
154 2351 188 2401 10
204 2349 302 2398 Omnia
315 2358 406 2398 autem
417 2347 485 2398 haec
501 2345 545 2413 (de
557 2347 657 2399 satione
672 2347 771 2416 egerat)
786 2350 869 2400 tarda
878 2361 1018 2419 preventu
1031 2367 1064 2398 ac
1075 2349 1126 2400 de-

569 1181 646 1222 entes
660 1169 911 1242 Osutaneaesagos.
946 1169 1126 1238 Pro-scopulo,

26 2419 162 2476 gustantia
179 2429 208 2467 et
229 2418 313 2468 insito
328 2416 508 2468 restituenda.
542 2417 687 2468 Interdum
702 2419 784 2468 etiam
800 2431 961 2480 castaneae,
984 2435 1020 2468 sc.
1035 2426 1065 2466 nt
1078 2434 1125 2468 eae
1211 2439 1214 2449 ¹

26 2483 155 2542 usvenans
173 2484 286 2550 laetius,
310 2485 464 2538 heereudae
483 2494 557 2536 sunt:
582 2495 612 2536 nt
626 2485 653 2536 h.
668 2485 686 2538 l.
700 2485 777 2553 fago,
800 2485 827 2537 h.
843 2483 949 2554 quercui
970 2485 1124 2536 esculentae.
1143 2528 1144 2532 ,

27 2547 204 2622 leislinsficns
222 2553 262 2608 soi
276 2552 368 2626 sagus
381 2553 565 2606 substituebat.
599 2555 663 2606 Mox
683 2553 829 2606 incanduit
843 2557 939 2608 Moret.
952 2569 1006 2606 sec.
1020 2563 1076 2604 eta
1091 2571 1124 2606 ut.

26 2623 121 2674 satra
156 2643 210 2696 que
225 2607 301 2675 abest
316 2625 411 2678 aVen.

26 2759 102 2838 tipus
120 2765 279 2828 contendit
303 2767 379 2826 male
394 2766 473 2826 idern
486 2785 542 2826 ne·
585 2777 649 2825 stae
667 2767 752 2824 nucis
778 2777 907 2842 occupat
925 2761 1040 2823 umbra.
1086 2763 1147 2830 Et,

25 2865 98 2923 tasse,
120 2866 147 2910 et
165 2852 324 2932 parandam
341 2856 431 2932 qnasi
444 2854 543 2931 legem
585 2851 687 2932 paullo
718 2859 803 2908 aute:
830 2851 1023 2908 Flumineam
1047 2850 1125 2907 εαίἱ-

25 2939 153 3012 tanxt'sse,
186 2957 237 2996 eos
262 2949 380 2996 mam
409 2939 543 2996 stactdos
586 2958 650 2995 cem
668 2937 842 3017 j'ecuttdant
870 2936 968 2994 ardna
995 2933 1125 2992 membra

23 3037 89 3090 posse
105 3024 286 3096 coalescere,
324 3027 457 3102 quierint
476 3045 543 3082 σον-
586 3035 756 3081 castaneae.
803 3021 848 3080 Ita
869 3021 951 3080 salia
971 3019 1061 3080 insita
1081 3029 1126 3078 est

24 3105 64 3160 tice
76 3127 110 3164 aa
123 3109 199 3166 Ιὶὸω
221 3129 259 3166 ac
271 3107 381 3188 snecta
399 3111 541 3167 caminia
586 3117 739 3167 castanea
759 3115 797 3166 nt
813 3105 843 3166 h.
857 3105 877 3166 l.
890 3108 922 3166 in
935 3107 1011 3186 sago.
1033 3105 1125 3180 Quod

24 3187 54 3242 lu
76 3195 111 3248 iis
131 3192 300 3268 menan,
329 3191 435 3274 quibas
463 3197 543 3252 inse-
585 3194 625 3254 ad
649 3194 742 3252 verba
778 3192 910 3268 attinet,
953 3193 1125 3266 tenendum,
1233 3209 1237 3220 ’

23 3285 114 3334 amur.
159 3279 252 3338 Cuisss
269 3279 318 3337 ille
332 3281 480 3356 opaaionis
495 3300 543 3337 en-
584 3279 702 3358 vulgari
722 3275 842 3356 quidem
866 3279 998 3338 ratione:
1022 3277 1125 3337 ardiae

23 3377 96 3418 mnia
109 3363 327 3423 &amisardum
348 3364 543 3424 tradendam-
584 3385 690 3423 nucem
711 3366 817 3438 anem,
848 3363 922 3439 dici,
944 3373 977 3422 at
998 3363 1124 3422 necmi-

24 3463 65 3516 φιτ
79 3454 202 3523 posteris
219 3452 363 3508 rationem
387 3450 543 3508 existima·
584 3470 642 3510 nus
664 3459 765 3508 tamen
791 3449 907 3509 ramore
933 3449 1037 3509 modo:
1072 3469 1124 3505 euh

23 3524 69 3600 lii,
88 3555 147 3610 qna
158 3537 256 3612 possit
267 3555 351 3593 omne
363 3555 461 3613 genite
474 3557 543 3594 aare
585 3533 689 3593 bertran
703 3537 793 3606 inseri
807 3555 883 3596 nuce
891 3579 900 3610 ,
930 3544 968 3594 ut
980 3533 1011 3594 h.
1029 3533 1049 3592 l.
1065 3553 1124 3590 nn-

23 3615 71 3670 ests·
89 3623 169 3677 omni
187 3623 292 3698 generi
310 3619 423 3678 ανὸονὶε
442 3623 543 3679 auem.
587 3620 728 3699 cisfitn,
759 3617 842 3697 quod
866 3641 927 3679 uon
944 3619 1050 3693 tertio,
1073 3616 1126 3676 sed
1231 3612 1233 3623 '

24 3695 98 3769 Quot
114 3705 153 3764 ad
177 3725 285 3764 nucem
307 3705 340 3764 in
364 3705 473 3766 arbuto
495 3706 546 3766 in·
587 3715 673 3765 sexto
695 3725 766 3764 casu
788 3705 1000 3786 accipiendum.
1049 3705 1125 3762 Nax

25 3781 93 3845 sitam
117 3791 242 3864 attinet,
279 3786 410 3850 lestatnr
431 3789 545 3851 Pallad.
588 3801 689 3852 autem
707 3791 841 3870 generale
867 3789 1063 3863 vocabulum,
1091 3795 1126 3846 nt

25 3865 117 3948 ll,15‚
139 3879 187 3940 19.
214 3885 374 3956 postquam
396 3876 467 3936 iude
487 3897 504 3935 a
521 3897 545 3936 a.
588 3876 627 3936 sit
643 3895 709 3936 ttux
730 3875 860 3954 inglans,
889 3895 955 3936 nau
981 3873 1125 3948 avellana,

25 3956 160 4036 bcopiose
176 3961 214 4020 de
233 3983 326 4036 ntae,
350 3961 485 4040 inprimis
506 3983 546 4020 a·
587 3982 653 4022 nux
665 3960 836 4040 amygdala,
858 3961 945 4039 pinea
959 3969 989 4019 et
1002 3959 1040 4020 al.
1075 3963 1125 4022 70.

26 4043 152 4118 mygdala
165 4055 285 4125 egerat,
306 4047 436 4106 subiicit:
458 4051 546 4108 Inse-
589 4048 728 4128 platanus
752 4046 828 4124 gerit
845 4047 958 4104 malum
978 4045 1034 4104 sibi
1052 4043 1126 4106 insi-

25 4127 97 4204 nin,
118 4144 150 4188 nt
160 4134 297 4212 pler-ripae
311 4134 428 4208 nolunt,
450 4153 548 4191 nterrse
590 4142 663 4192 um.
705 4135 756 4195 71.
769 4131 1126 4210 ¹sagusstorecastaneae

28 4209 166 4275 Ftltutarro
188 4220 221 4276 iss
235 4217 358 4291 arbut03
381 4217 435 4276 sed
443 4219 549 4276 naam
591 4231 618 4277 et
635 4238 723 4277 omits
735 4215 803 4274 albo
814 4219 964 4295 piristore
972 4219 1124 4276 irtcanuit:

29 4295 157 4358 bacmos
165 4325 177 4374 ;
201 4315 234 4362 nt
244 4306 351 4382 αἰψ’,
364 4315 392 4360 et
397 4305 430 4360 in
439 4323 549 4381 pruna,
591 4303 621 4362 h.
635 4323 661 4364 a.
681 4311 819 4360 castanea
835 4301 979 4364 inseritur
998 4303 1030 4361 in
1050 4303 1126 4380 sago,

29 4381 65 4434 td
80 4385 108 4442 in
132 4409 170 4444 se.
224 4389 263 4447 Et
286 4389 318 4448 in
348 4388 485 4448 Carmine
511 4387 549 4447 de
592 4390 670 4449 conl.
689 4387 763 4446 Plin.
784 4387 878 4462 XVII,
901 4392 950 4463 10,
972 4393 1020 4464 10,
1036 4385 1126 4464 etpi-

29 4461 93 4526 tuit
107 4475 176 4537 tat:
196 4473 477 4554 Adsueasfiundes
491 4495 549 4534 va-
591 4474 697 4536 rusia
718 4489 807 4534 orno:
844 4474 992 4535 conseruit
1016 4469 1126 4532 Pallad.
