2660 5002
192 345 264 415 168
450 338 490 410 P.
517 333 773 410 VIRGlLll
803 332 1070 408 MARONIS

190 528 368 608 prehensum
383 525 517 583 Silenum
528 545 549 581 o
565 523 674 584 Mittas
684 526 763 602 reges
769 521 940 600 pastoribus
953 521 1026 582 diest
1036 523 1166 599 emposta
1178 523 1284 580 madm-

191 628 250 674 tem
268 625 295 670 et
311 633 347 669 es
367 631 403 668 eo
418 621 589 686 soporatum
596 631 608 680 ,·
631 610 698 667 illos
714 607 781 666 dolo
796 628 953 686 aggressos
966 608 1157 665 dormieruem
1167 610 1285 682 vuaso,

185 709 292 780 postea
305 696 431 756 umoulis
442 706 544 772 sponte
563 693 725 752 lubentibus
738 693 895 751 liberatum
912 693 949 750 de
966 691 1050 750 rebam
1070 693 1248 750 naturalibos
1265 707 1286 750 et

190 785 321 863 antiquis
342 780 451 840 Μὰίαε
479 781 672 857 urterrogaoti
691 777 883 856 respondisse.
929 778 1025 836 Locus
1051 778 1113 836 fuit
1133 777 1189 836 hac
1214 778 1245 836 de
1260 799 1286 836 re
1311 803 1312 828 i

191 868 328 928 classicus
346 867 378 924 in
392 864 576 944 Theopompi
593 863 793 924 Thaumasiis:
813 863 894 922 unde
909 871 1051 942 excerpta
1063 864 1211 942 particulo
1223 863 1287 942 apud

151 985 155 998 ·
191 954 305 1015 helian.
319 952 389 1011 Var.
403 951 480 1010 Hist
494 950 550 1024 lll,
573 952 629 1024 18,
656 951 709 1009 ubi
729 948 790 1008 vid.
808 949 906 1028 lntpp.
929 958 960 1007 et
979 969 1055 1026 quoa
1069 948 1205 1007 laudant
1237 949 1287 1028 Ap-

191 1040 289 1121 posita
311 1036 502 1097 minoratio
523 1033 661 1114 Sophiste
680 1035 781 1113 aliquo
802 1035 917 1113 dignior
941 1033 978 1092 de
999 1043 1083 1092 terra
1104 1033 1287 1112 Meropidein

193 1127 310 1185 Oceano
331 1123 388 1180 sita
403 1119 535 1200 mythice
554 1129 707 1178 exornata.
750 1119 910 1198 Antiquior
925 1128 1027 1178 tamen
1041 1129 1074 1178 et
1089 1141 1129 1178 ex
1146 1119 1288 1178 domesticis

192 1209 344 1289 Phrygsuu
357 1205 387 1290 *)
411 1205 447 1264 de
472 1205 554 1265 Mida
571 1205 679 1264 fabulis
697 1206 787 1266 ducta
804 1203 902 1286 usytbi
922 1205 1087 1264 auctoritas
1107 1205 1179 1280 tuit,
1205 1206 1287 1263 saltem

193 1294 315 1356 Pindari
330 1289 457 1374 (Fragm.
467 1292 548 1368 CLII,
560 1312 589 1372 p.
605 1289 698 1375 tta),
716 1313 794 1366 nam,
807 1289 889 1370 quod
900 1291 949 1348 ille
958 1291 1092 1350 Silenum
1108 1289 1286 1368 cumOIpnpo

194 1379 436 1441 confabulantem
448 1377 582 1453 induxit,
606 1379 796 1438 coniunctum
811 1397 879 1436 curn
892 1375 942 1436 illo
956 1376 1029 1451 fuit5
1051 1386 1099 1436 est
1114 1377 1192 1436 enim
1204 1377 1249 1453 01,
1274 1408 1286 1418 -

194 1487 250 1548 pus
265 1465 400 1543 Marsyae
412 1461 537 1544 Phrygis
554 1464 700 1524 alumnus.
743 1464 853 1523 Vocem
864 1461 935 1520 inde
955 1457 1111 1541 ἐφήμερος
1126 1483 1180 1541 pro
1192 1461 1286 1520 bomine

194 1551 299 1614 laudat
314 1549 411 1610 Schol.
425 1547 577 1628 Aristoph.
591 1548 668 1610 Nub.
681 1553 742 1613 923
763 1557 845 1607 etex
863 1567 897 1605 eo
912 1545 1018 1606 Suidas
1039 1544 1087 1628 (in
1106 1547 1229 1606 Pindaro
1242 1563 1284 1602 asse
1311 1579 1312 1620 3

196 1637 317 1710 debuit,
348 1627 481 1707 circitor
503 1627 631 1715 ἐπάμερε
651 1633 723 1716 -).
759 1635 884 1692 Servate
909 1652 948 1690 ex
969 1632 1057 1691 dictis
1079 1633 1139 1692 illis
1157 1633 1284 1691 sententis:

196 1744 256 1780 non
273 1722 358 1778 emaci
378 1719 493 1778 homini
511 1719 599 1796 longe
618 1723 762 1798 optimum
781 1741 859 1792 esse,
885 1720 1059 1796 proximwn
1081 1731 1196 1794 murm,
1218 1737 1285 1798 quon
1311 1755 1312 1766 .

191 1811 324 1886 primum
344 1807 420 1862 mori
438 1804 498 1863 Cic.
510 1805 596 1863 Tusc.
610 1805 642 1880 l,
660 1804 718 1880 48,
738 1805 820 1864 unde
837 1803 929 1862 habet
950 1803 1090 1864 Lactant.
1104 1805 1177 1862 Inst.
1189 1805 1236 1878 ΠΙ,
1252 1807 1285 1865 19.
1311 1845 1312 1850 1

196 1893 243 1951 Ex
258 1888 410 1950 Plutarch.
430 1890 579 1949 Consolat.
599 1889 639 1948 ad
653 1889 790 1970 Apollon.
809 1911 839 1970 p.
854 1889 914 1954 115
943 1888 1105 1965 discimus,
1127 1889 1285 1949 Aristotelem

195 1977 229 2036 in
241 1975 376 2036 Eudemo
397 1974 472 2034 haec
487 1975 577 2034 latius
592 1977 778 2056 exposuisse,
799 1973 881 2035 unde
896 1974 968 2033 ibid.
985 1975 1019 2034 D.
1037 1978 1194 2055 Δαίμονος
1209 1967 1285 2038 inssi
1311 1995 1312 2002 ¹

198 2085 254 2124 roo
271 2059 323 2122 καὶ
338 2053 430 2140 τύχης
443 2065 573 2140 χαλεπῆς
588 2057 741 2142 ἐφήμερον
754 2060 886 2140 σπέρμα,
906 2061 935 2121 ri
954 2083 991 2139 ps
1015 2056 1162 2141 βιάζεσθε
1179 2052 1285 2138 λέγεινέ

197 2145 272 2225 ὑμῖν
295 2141 396 2226 ὄρειον
423 2143 465 2226 μή
484 2151 607 2228 γνῶναι.
649 2146 839 2207 Memorabile
861 2155 962 2204 autem
985 2143 1061 2221 hoc,
1101 2146 1183 2226 quod
1199 2143 1284 2203 Siloam
1311 2161 1312 2166 ¹

196 2250 280 2292 nmtc
292 2231 372 2290 inter
385 2241 524 2290 canentes
537 2231 606 2290 deos
619 2231 758 2293 habetur.
797 2231 889 2306 Quod
901 2251 969 2290 eurn
982 2231 1140 2308 vinciunt,
1160 2240 1194 2292 ut
1206 2235 1284 2307 cogant

198 2337 321 2392 canere,
349 2316 467 2396 Satyri,
497 2337 515 2374 a
535 2318 636 2376 surore
655 2318 881 2378 vaticinantium
899 2317 1028 2396 petitum
1049 2337 1115 2376 esse
1138 2316 1283 2398 putabimus

199 2421 287 2482 quem
308 2403 517 2462 detrectabant
532 2413 631 2462 vates:
651 2415 687 2464 ut
707 2405 757 2464 vel
772 2403 809 2462 de
822 2401 929 2482 Pythia
946 2412 1063 2462 notum.
1110 2404 1248 2472 Cotroeus,
1264 2406 1283 2452 n

197 2497 267 2568 post
281 2509 350 2548 eum
361 2489 509 2548 Martinus
522 2509 557 2548 ac
572 2489 743 2566 wartonus,
758 2489 808 2568 qui
823 2489 942 2567 anglicis
956 2489 1096 2548 versibus
1113 2490 1223 2568 Eclogas
1234 2481 1283 2543 red·
1311 2529 1312 2538 ,

128 2585 131 2597 ’
202 2573 297 2650 didit,
324 2574 350 2632 si
380 2575 552 2653 quaeritur,
586 2587 730 2652 quorsum
752 2573 882 2655 physicis
911 2573 1027 2655 placitis
1053 2575 1172 2634 fabulae
1194 2575 1282 2632 istaes

199 2659 278 2722 ets
294 2681 357 2739 sqq.
380 2661 529 2722 subiectae
542 2661 617 2736 sint,
638 2662 785 2720 rationem
804 2659 1071 2719 comminiscuntur
1085 2663 1157 2720 satis
1168 2658 1282 2722 subtilem,

198 2744 280 2806 tradi
301 2745 412 2806 scilicet
429 2767 492 2807 non
518 2746 617 2804 minus
636 2747 778 2806 moralem
802 2767 891 2824 quam
913 2745 1085 2804 naturalem
1104 2747 1282 2826 Epicureorum

198 2829 434 2912 philosophiam,
454 2852 513 2909 qua
526 2841 707 2892 revocentur
720 2831 854 2912 mprirnis
869 2851 885 2888 a
901 2831 1118 2910 cupiditatibus
1133 2841 1161 2890 et
1170 2825 1281 2890 immode-

199 2917 273 2977 ratis
295 2917 386 2977 animi
404 2915 678 2998 perturbationibus
696 2916 845 2992 homines,
872 2915 947 2974 haec
966 2925 1067 2976 autem
1085 2925 1242 2997 praecepta,
1258 2915 1281 2966 ul

200 3001 324 3060 decebat
338 3013 474 3082 poetam,
497 3022 635 3082 expressa
653 3023 714 3060 esse
733 3003 839 3062 sabulis
860 3001 896 3060 ds
912 3002 997 3081 turpi
1015 3023 1119 3062 amore
1133 2999 1248 3062 llerculis
1261 3003 1281 3049 tl

194 3085 372 3164 Pasiphaes,
402 3088 440 3148 de
465 3089 601 3167 superbia
622 3087 810 3162 Proetidum,
839 3088 964 3168 avaritia
984 3086 1143 3147 Atalantae
1162 3097 1190 3144 et
1204 3087 1281 3143 imno·

201 3170 268 3230 dico
288 3172 375 3232 luctu
393 3173 665 3234 Phaethontiadum
683 3193 828 3232 sororum.
871 3172 931 3230 Sed
951 3171 1113 3250 Virgilium
1134 3193 1179 3232 eas
1193 3179 1280 3229 tantun

200 3255 314 3316 sabulos
327 3267 488 3334 sequutum
501 3279 562 3318 asse
581 3269 722 3340 apparet,
746 3279 821 3336 quae
837 3266 867 3314 et
882 3259 1165 3335 frequentatissimae
1180 3257 1207 3315 in
1221 3259 1280 3312 rste-

199 3361 269 3401 rum
283 3343 462 3404 carminibus
479 3355 584 3422 essent,
602 3355 633 3404 et
647 3354 788 3405 ornatum
801 3343 950 3422 poeticum
964 3343 1103 3423 inprimis
1117 3343 1278 3403 admitterent

201 3428 305 3506 ltaque
322 3429 393 3488 alias
412 3429 551 3491 disertius
566 3431 698 3512 exponit,
721 3431 845 3490 aliarum
855 3449 917 3488 sion
930 3429 987 3487 nisi
999 3440 1170 3510 argumenta
1184 3437 1278 3485 conut-

201 3524 315 3590 morat,
337 3524 368 3576 et
385 3514 577 3576 delectationi
595 3516 668 3576 adeo
688 3515 805 3590 studet,
826 3523 863 3573 ut
873 3513 954 3576 inter
969 3515 1109 3593 antiquas
1124 3515 1184 3575 illas
1196 3505 1278 3570 tabula

202 3599 280 3660 Galli
298 3601 344 3660 sui
358 3601 537 3677 meminerit,
560 3603 627 3662 loco
650 3622 758 3682 parum
777 3601 900 3678 idoneo,
922 3599 980 3658 nisi
1000 3621 1106 3660 versus
1127 3605 1278 3676 transponas

201 3685 361 3767 placuerit:
384 3707 442 3766 qua
460 3687 498 3746 de
519 3705 552 3745 re
571 3707 601 3747 v.
621 3687 675 3746 inl.
697 3687 736 3748 ad
751 3685 800 3750 64.
844 3685 983 3746 Formam
1003 3695 1034 3745 et
1054 3687 1178 3746 colorem
1196 3681 1225 3738 ab
1239 3675 1277 3734 loc

203 3773 333 3844 omnine
357 3771 486 3834 ducebat
508 3772 657 3832 Gesnerus
678 3771 907 3851 elegantissimus
926 3779 1029 3850 poeta,
1052 3792 1121 3832 cum
1136 3766 1278 3829 &ruimus
1311 3817 1312 3823 ,

200 3856 332 3930 fractum
349 3858 506 3932 scriberet,
529 3857 582 3916 sed
602 3857 747 3918 nollemus
766 3877 833 3916 eum
849 3857 987 3917 carminis
1003 3859 1175 3934 gravitatem
1190 3849 1221 3910 ad
1234 3861 1276 3905 rem
1311 3877 1312 3900 i

203 3939 380 4004 levissimam
400 3943 570 4020 deflexisse,
606 3963 665 4023 quc
686 3943 750 4024 ipso
778 3942 873 4002 omnis
898 3942 1064 4022 voluptatis
1090 3944 1196 4003 finces
1209 3935 1274 3994 ifllssr·

203 4033 305 4102 ceptus
320 4037 373 4087 ast.

237 4155 262 4220 *l
278 4155 409 4225 Phrygum
428 4179 450 4210 s.
469 4161 588 4230 lirigum,
611 4177 668 4212 cum
688 4159 738 4210 ad·
780 4161 875 4227 Imagg.
900 4159 926 4220 1,
950 4159 985 4212 22
1014 4169 1112 4212 notata.
1150 4141 1274 4223 Admbnffil

203 4223 255 4275 huo
269 4221 328 4276 loca
348 4229 396 4279 sub
414 4243 502 4282 monte
517 4230 619 4281 Barmio
638 4229 664 4279 iu
679 4230 738 4280 bla—
780 4229 841 4279 inde
866 4245 912 4278 soa
935 4227 969 4277 de
991 4229 1064 4280 Mida
1089 4241 1115 4282 et
1133 4229 1208 4280 Sileno
1224 4211 1273 4268 0⁸¹P

203 4292 328 4373 oedoniae
350 4307 441 4364 postea
467 4300 552 4352 dictae
576 4297 671 4349 finibus
694 4297 737 4348 in·
781 4299 842 4348 Met.
858 4297 908 4361 xl,
925 4297 1053 4353 90-99.
1073 4316 1098 4350 r.
1114 4301 1195 4366 opusc
1212 4295 1273 4339 ⁰⁰⁸²¹¹

204 4361 364 4416 babitarent:
381 4367 661 4430 llerodotVsst,138.
684 4366 737 4417 Co-
780 4366 842 4418 Vol.
866 4367 917 4429 IV,
934 4363 962 4417 in
984 4367 1134 4422 Philostrati
1160 4367 1236 4428 lffltt·
1257 4367 1272 4416 t

203 4447 255 4482 non
274 4431 415 4486 sanast.
449 4437 517 4488 conf.
538 4437 571 4488 ad
587 4433 738 4488 Philostrati
780 4435 814 4490 68
829 4453 867 4505 sq.
