2660 5002
268 1017 885 1098 ECLOGAVII

429 1163 722 1266 missisosss

357 1361 798 1426 sroonsrron

31 1489 200 1596 Meliboeus
212 1544 318 1616 pastor
335 1544 455 1610 nsmt,
477 1554 521 1611 se,
544 1555 613 1596 msm
627 1535 816 1595 aberrantem
829 1555 953 1615 caprum
967 1536 1137 1614 quaerebat,

30 1623 255 1703 infnrydonem
277 1631 308 1680 et
327 1619 506 1700 Thyrsidem
526 1621 677 1697 incidisse,
705 1622 771 1700 qui,
801 1621 948 1680 assidente
972 1619 1137 1700 Daphnide,

31 1717 103 1766 cantu
115 1717 208 1768 erant
222 1705 421 1782 decertaturi5
440 1705 660 1786 obtemperasse
675 1725 704 1764 se
717 1705 881 1786 Daphnidis
894 1705 1080 1782 hortatibus,
1101 1715 1138 1768 ut

29 1793 77 1872 ipse
88 1793 234 1853 assideret
255 1802 286 1852 et
304 1800 459 1852 osnmntes
477 1792 596 1851 audiret
612 1823 658 1838 ·-
676 1795 728 1856 20.
770 1791 844 1852 Inde
858 1792 999 1872 Corydon
1016 1793 1137 1873 primes,

29 1879 133 1958 Thyrsis
143 1877 307 1950 aeneades,
326 1887 427 1958 partes
439 1878 570 1938 osrmine
582 1877 739 1937 smoebseo
749 1878 793 1936 ita
806 1878 964 1953 sustinent,
978 1887 1020 1954 ut,
1033 1896 1138 1956 quem-

30 1963 174 2025 sdnodam
202 1964 264 2022 Ecl.
284 1961 325 2022 111
341 1961 491 2038 distichis,
526 1961 569 2021 eie
586 1981 671 2022 nune
688 1961 886 2039 tetrastichis,
915 1983 967 2022 seu
986 1964 1138 2042 qusternis

29 2051 160 2126 sessibm,
184 2046 402 2128 comprehense
414 2049 545 2108 earmirse
558 2047 733 2124 decantent,
756 2067 826 2108 sens
839 2057 975 2128 uterque,
997 2049 1139 2130 Corydon

30 2135 121 2196 diversi
138 2154 281 2215 quaeque
300 2134 467 2213 argumenti
486 2154 625 2209 exorsus,
647 2133 784 2214 Thyrsis,
807 2143 860 2194 sut
879 2134 984 2196 similia
1002 2155 1037 2194 ac
1054 2136 1139 2214 peris

30 2233 71 2280 est
83 2221 238 2282 senueris
252 2219 412 2280 efferendo.
454 2219 553 2280 Habet
567 2219 643 2278 adeo
659 2239 778 2280 csrmen
796 2241 858 2280 non
873 2219 950 2280 nihil
964 2241 1003 2280 ex
1018 2219 1139 2280 drama-

30 2307 77 2365 tioo
88 2327 214 2386 gessere,
235 2325 296 2385 quo
308 2305 373 2385 ipso
387 2305 529 2364 maiorem
543 2305 771 2365 dekotstionem
782 2306 863 2364 facit.
902 2307 1012 2380 Locau,
1022 2305 1066 2364 ¹in
1079 2326 1139 2384 quo

30 2393 232 2466 mnsedersnt,
254 2399 303 2450 est
315 2389 369 2450 sub
379 2389 521 2450 umbrosa
537 2407 652 2468 quercu
662 2411 680 2449 s
691 2392 813 2450 feronio
823 2391 931 2450 leviter
943 2391 1069 2469 agitata,
1089 2391 1140 2450 in-

30 2487 66 2536 ter
81 2497 169 2558 spem
192 2497 350 2550 susurrus,
378 2475 411 2535 in
429 2475 538 2536 vicinis
556 2471 656 2536 Mincii
673 2475 777 2552 fluvii,
806 2485 837 2534 et
855 2475 975 2553 quidem
992 2495 1027 2533 ea
1045 2483 1140 2554 parts,

31 2583 75 2640 qna
88 2571 227 2622 armenta
242 2572 350 2642 potum
368 2559 566 2622 ducebantur.
608 2561 707 2620 Etiam
723 2559 756 2620 in
774 2559 835 2620 hoc
854 2559 984 2619 carmine
1000 2557 1142 2639 putidum

30 2661 92 2708 esset
105 2651 221 2708 referre
231 2647 397 2726 allegorias,
419 2667 493 2726 ques
506 2648 666 2706 commenti
681 2656 753 2706 sunt
763 2646 955 2724 interpretes,
977 2664 1046 2704 cum
1059 2643 1142 2703 haud

32 2733 106 2792 dnbio
122 2734 201 2794 nihil
213 2733 297 2792 alind
314 2733 457 2812 spectarit
471 2741 575 2812 poete,
596 2751 688 2810 qnam
703 2741 741 2791 ut
756 2731 795 2790 ad
808 2729 977 2790 Theocritei
990 2728 1089 2809 Idyllii
1101 2727 1142 2789 vl

30 2819 218 2878 imitationem
234 2817 312 2878 iliud
330 2818 468 2878 carminis
483 2817 632 2876 amoebaei
645 2837 737 2896 genus
755 2817 949 2896 exprimeret,
973 2815 1055 2894 quod
1069 2835 1143 2876 nar-

31 2905 134 2964 ntione
147 2905 274 2964 alicuius
286 2903 423 2984 pastoris,
443 2903 494 2982 qui
504 2900 685 2962 interfuerat
698 2901 863 2977 certamini,
881 2901 1061 2962 continetur.
1082 2901 1144 2960 Nee

32 2993 141 3050 mnino
152 3009 293 3068 magnam
305 2989 422 3049 inventi
433 2989 553 3048 leudem
568 2988 654 3048 Mero
666 2987 759 3047 habet
772 2988 804 3046 in
815 2985 875 3046 hoe
886 2987 1024 3046 carmine.
1057 2987 1143 3046 Nova

34 3087 88 3134 erte
105 3096 140 3135 so
156 3076 305 3136 varietus
324 3075 469 3154 expressit
485 3073 624 3154 Eclogam
640 3075 789 3134 Gesnerns
805 3071 838 3132 in
859 3073 945 3152 Lyca
964 3085 992 3131 et
1010 3075 1139 3132 Milone.
1175 3125 1176 3128 ,

32 3159 158 3242 Propert.
171 3161 217 3236 11,
238 3161 316 3240 Eieg.
330 3169 407 3219 extr.
422 3163 464 3225 67
483 3158 544 3218 hoe
563 3181 681 3220 carmen
695 3158 829 3238 respicit:
857 3161 999 3217 heman
1015 3159 1145 3218 unsbmsi
1221 3179 1224 3196 ¹

34 3245 121 3304 subter
141 3250 248 3324 pineta
272 3245 399 3306 Galaesi
425 3243 550 3324 styvede
575 3259 603 3304 et
630 3249 738 3305 divitis
758 3243 910 3322 Daplms'ss
936 3245 1140 3304 arundhsibus.

35 3331 91 3390 Nm
104 3331 188 3409 qussi
196 3330 349 3390 hieronem
364 3339 466 3390 nasset
476 3329 551 3390 haec
561 3330 593 3389 in
606 3351 676 3412 agro
691 3330 853 3390 Terentino
867 3331 1020 3406 cecinisse;
1036 3349 1144 3390 rernm

36 3417 125 3492 pum
137 3417 272 3496 srgutim
285 3425 423 3496 respectu
443 3416 482 3474 ad
502 3417 553 3475 Ge.
567 3415 617 3492 lv,
638 3419 699 3482 126
716 3415 837 3493 habito,
864 3415 917 3476 ubi
928 3415 1048 3477 illorum
1060 3415 1145 3474 loco·

37 3519 96 3558 mm
110 3501 318 3561 smoenitstem
328 3501 484 3583 praediest
494 3501 588 3563 Maro.
