2606 5008
329 423 390 501 IN
417 421 732 503 GEORGICA
1015 437 1091 512 271

29 617 99 702 gata,
121 607 282 683 carminis
304 609 571 710 pulcritudine
593 611 811 689 redemisse
833 625 874 688 et
898 637 1093 716 compen-

30 733 97 783 sasse
117 709 225 786 videri
246 711 386 808 dehet;
422 739 557 818 neque
580 717 623 792 in
647 715 712 792 illa
730 740 892 791 morum
909 719 1010 794 vitae
1070 743 1094 796 e

30 811 185 910 elegantia,
209 819 321 892 certis
340 817 496 895 decoris
521 833 560 896 et
576 819 794 896 honestatis
815 821 1020 900 cuiusdam
1050 847 1093 899 e·

29 915 104 1012 g'bus
119 917 303 1018 adstricta,
331 935 398 998 aut
422 925 463 998 in
488 922 552 1000 illa
577 923 781 1000 doctrinae
805 949 849 1000 ac
872 924 1094 1004 litterarum

30 1022 118 1120 copia,
135 1026 278 1123 quaein
292 1025 456 1124 Virgilio
471 1025 566 1125 fuit,
587 1028 691 1106 liber
707 1027 774 1104 ille
794 1041 834 1104 et
849 1051 967 1129 supra
982 1055 1094 1106 mor-

29 1123 84 1198 talia
97 1129 247 1202 emicans
265 1143 305 1204 et
321 1143 526 1232 tamquam
545 1131 651 1208 alatis
667 1131 841 1208 Platonis
862 1132 974 1234 equis
990 1133 1095 1210 inter

29 1226 114 1303 ades
128 1245 273 1308 evectus
286 1236 444 1336 spiritus
460 1237 593 1334 vigere
611 1237 761 1337 potuit;
789 1233 877 1312 fieri
898 1238 1007 1312 enim
1025 1236 1094 1313 ali-

29 1339 66 1402 tcr
80 1333 127 1407 rix
147 1349 295 1436 potest,
336 1363 456 1440 quam
477 1353 523 1415 ut
548 1339 647 1416 haec
667 1363 860 1442 operosae
888 1339 1094 1418 doctrinae

28 1436 99 1532 qnasi
114 1440 247 1516 sarcina
266 1442 464 1543 impetum
488 1445 609 1519 animi
634 1443 873 1519 diviniorem
895 1444 1094 1538 retardet;

27 1537 112 1636 unde,
135 1567 258 1645 neque
277 1570 325 1621 ex
343 1546 565 1623 academica
582 1561 716 1624 nostra
737 1547 983 1624 institutione
1002 1573 1095 1624 urn-

28 1663 106 1738 gnam
120 1649 370 1726 Homericum
395 1650 442 1726 ali
503 1651 558 1727 od
581 1653 787 1751 ingenium
813 1664 879 1727 aut
898 1651 1095 1753 prodiisse

28 1757 67 1817 nt
78 1749 306 1848 proditurum
322 1779 426 1852 csse,
471 1754 567 1832 acile
585 1756 764 1854 augurari
784 1754 895 1850 licet;
921 1757 980 1831 uti
998 1779 1095 1832 con-

27 1857 60 1920 tra
77 1851 161 1930 inter
181 1871 318 1957 poetas
342 1871 523 1956 nostros,
550 1860 615 1957 iis,
644 1884 819 1963 qnorum
840 1860 977 1935 animis
1004 1859 1095 1940 Vir·

26 1949 74 2044 glii
91 1969 122 2030 et
139 1962 299 2037 Homeri
322 1986 406 2037 non
428 1964 504 2038 nisi
534 1963 701 2040 obscura
723 1963 853 2065 aliqua
878 1963 1013 2061 notio,
1049 1987 1096 2038 ex

26 2059 121 2150 puerili
140 2075 287 2140 tanturn
308 2065 577 2164 institutione,
613 2067 778 2166 insidet,
812 2068 874 2142 vix
903 2067 1096 2144 eminebit
1178 2163 1181 2170 Ι

27 2161 152 2259 castigata
167 2180 205 2242 et
222 2168 423 2245 elaborata
441 2169 583 2267 dictio,
610 2185 717 2247 recta
736 2185 775 2248 et
792 2185 894 2248 casta
912 2169 1095 2247 carminis

26 2261 196 2356 pulcritudo
210 2285 276 2347 aut
293 2271 486 2372 elegantia
500 2299 545 2350 ex
555 2275 703 2374 ingenii
719 2275 827 2351 cultu
843 2276 1095 2377 exquisitiore

25 2365 168 2470 prolecta,
201 2399 303 2476 quae
332 2402 379 2454 ex
403 2376 653 2476 diligentiore
680 2380 937 2481 antiquorum
962 2377 1095 2454 studio

25 2477 235 2571 conparanda
252 2493 322 2560 est
373 2481 610 2578 Enimvero,
630 2484 860 2558 si‘Homero
878 2495 996 2584 atque
1015 2479 1096 2556 aliis

25 2578 173 2656 romulis
193 2579 300 2662 forte
321 2586 452 2686 poetis
476 2585 539 2662 illa
561 2586 775 2682 diviniore,
804 2586 965 2686 quaein
985 2585 1097 2658 inve-

26 2673 117 2756 tlcndi
131 2681 315 2766 felicitate
337 2690 530 2788 cernitur,
557 2690 705 2788 ingenii
724 2689 763 2765 vi
782 2688 887 2763 cedit
899 2687 1096 2786 Virgilius,

25 2773 133 2884 lthac,
169 2815 269 2892 quae
293 2791 468 2869 secunda
494 2817 580 2870 esse
605 2793 765 2868 videtur
787 2791 836 2867 ab
860 2791 947 2888 illa,
982 2787 1097 2864 facile

26 2889 157 2967 omnium
172 2907 229 2970 est
241 2897 430 2998 princeps
448 2895 675 2994 habendus,
693 2909 738 2972 ut
752 2921 815 2992 ea,
836 2919 938 2998 quae
951 2894 999 2969 ab
1015 2891 1099 2969 aliis

25 2997 184 3095 acceperit,
209 2999 340 3076 multo
361 3001 560 3078 ornatiora
587 3013 628 3077 et
647 2999 843 3102 pulcriora
863 2997 912 3074 ab
934 2999 1017 3075 elus
1035 2997 1101 3072 in-

24 3093 101 3182 llsslo
117 3101 318 3200 prodeant.
372 3105 493 3200 Quod
512 3105 706 3204 magistris
722 3103 867 3180 nostris
889 3113 1099 3204 acceptum

24 3209 70 3266 nos
84 3199 220 3283 referre
242 3207 440 3305 solemus,
465 3221 530 3306 ut,
564 3234 657 3286 cum
682 3207 956 3310 aparentibus
976 3207 1099 3282 vitam

24 3307 259 3410 deperimus,
287 3311 337 3386 ab
358 3311 432 3387 illis
453 3325 585 3388 rectae
608 3325 648 3390 et
672 3311 869 3389 iucundae
891 3313 993 3388 vitae
1022 3335 1100 3388 usu

24 3411 194 3500 uperucos
206 3439 282 3490 nos
298 3439 384 3492 csse
400 3412 614 3511 fateamur;
638 3415 718 3492 hoc
733 3417 774 3491 in
788 3415 880 3513 illis,
902 3440 1003 3517 quae
1019 3415 1100 3490 iam

23 3497 133 3624 thudin
151 3517 300 3617 prolata
326 3533 456 3615 erant,
490 3519 669 3597 accidere
692 3517 845 3619 videas,
871 3532 917 3596 ut
943 3543 990 3596 ex
1008 3518 1100 3596 Vir·-

22 3603 73 3694 dlt
88 3614 233 3714 ingenio
254 3620 386 3698 multo
404 3621 557 3699 felicius
578 3637 830 3720 enascantur,
859 3635 900 3699 et
924 3619 1099 3723 pulcrius

23 3703 243 3824 tlflormcant3
269 3738 327 3821 ut,
347 3727 379 3802 si
396 3751 442 3802 ea
456 3751 541 3803 non
556 3728 741 3828 novitate,
762 3741 801 3803 at
815 3726 936 3826 gratia
950 3737 1099 3822 tamen,

25 3801 180 3922 dlgnitate,
199 3839 423 3926 venustate,
442 3831 567 3907 miros
581 3832 702 3908 animi
718 3827 885 3907 affectus
898 3839 1099 3921 moveant,

22 3931 197 4029 mlillaque
214 3931 476 4011 admiratione
492 3931 746 4036 perfundant.
782 3937 868 4029 Qua
884 3932 925 4006 in
939 3955 984 4008 re
999 3927 1100 4006 mihi

24 4020 146 4138 lglldem
166 4033 204 4108 in
228 4037 342 4137 poesi
363 4037 540 4114 eundem
558 4035 694 4115 locum
710 4038 814 4116 tueri
834 4034 993 4112 videtur
1009 4033 1101 4113 Vir-

23 4117 118 4232 fflllss,
147 4161 266 4237 quem
291 4141 433 4218 Cicero
452 4141 494 4217 in
516 4139 754 4244 eloquentia.
804 4143 908 4217 Nam
927 4151 967 4215 et
982 4137 1101 4216 huius

23 4233 200 4340 millium,
234 4243 347 4346 quod
362 4244 495 4346 ipsum
513 4269 588 4348 per
612 4269 655 4322 se
674 4268 758 4320 non
774 4239 889 4319 facile
910 4239 1100 4344 praeclari

24 4321 133 4430 ‘llflid
145 4343 359 4446 proferret,
379 4349 422 4426 in
438 4347 628 4426 ornandis
646 4362 687 4428 et
701 4343 989 4452 amplificandis
1003 4345 1101 4424 alio-
