2652 5032
194 343 555 424 GEORGICON
580 345 681 420 LlB.
707 345 757 440 ll,
784 349 1006 424 tao-436
1085 349 1161 422 473

36 533 306 631 Quidmaiora
316 529 691 634 aequari-salices
702 530 955 632 humilesque
964 544 1162 628 genestae,

36 647 115 717 Aut
153 638 243 714 illae
279 637 417 737 pecori
454 632 671 731 frondem,
713 647 778 710 aut
815 634 1040 734 pastoribus
1071 660 1162 712 um-

34 843 274 938 Sufficiuut,
300 863 544 942 saepemque
559 737 669 936 eiiii?
694 851 733 921 et
748 837 894 942 pabula
909 837 1021 916 melli
1040 742 1162 902 -435

86 971 177 1045 434.
206 971 383 1052 saeuae?
417 983 496 1038 sau.
557 967 642 1040 436.
670 963 928 1053 Surrrcruur3
981 985 1109 1042 uuest.

66 1137 123 1194 434
142 1156 242 1207 sequor
255 1136 320 1200 Ere,
336 1135 407 1204 quod
420 1133 585 1188 coniectabat
598 1137 636 1186 lo.
647 1134 787 1188 Schrader.
806 1135 896 1201 (Acuta
912 1134 1020 1202 quidem
1030 1135 1162 1188 Schrade-
1250 1145 1254 1154 '

29 1227 84 1260 rus.
121 1205 295 1260 Coniunctivo
316 1205 343 1255 in
364 1203 492 1258 eiusmodi
518 1205 725 1272 interrogatione
750 1203 845 1266 utitur,
878 1203 922 1272 qui
946 1203 1040 1255 leviter
1063 1215 1090 1256 et
1113 1223 1162 1274 per

30 1278 177 1329 transitum
198 1292 254 1327 rem
275 1275 387 1344 aliquam
406 1283 523 1326 tacturus
541 1286 593 1336 est3
617 1272 774 1326 ludicativus
797 1282 887 1324 contra
910 1283 949 1324 est
969 1291 1026 1326 rem
1041 1285 1162 1344 coeptam

29 1346 197 1408 omittentis3
222 1343 288 1395 illud
305 1343 339 1396 ad
361 1341 497 1411 sequentia
517 1355 631 1412 spectat,
656 1343 709 1395 hoc
726 1343 760 1393 ad
772 1359 933 1410 praegressa.
968 1343 1041 1394 Illius
1058 1345 1161 1425 generis

28 1416 158 1485 exempla
197 1415 308 1466 raebeut
326 1413 381 1466 ttct.
400 1413 451 1477 Vl,
475 1411 531 1467 74.:
556 1411 651 1478 „Quid
667 1413 810 1481 loquar,
835 1421 864 1461 ut
881 1411 993 1480 Scyllam
1008 1413 1092 1464 Nis1“
1111 1423 1161 1466 etc.

28 1490 78 1539 Ge.
94 1489 118 1550 1,
137 1490 151 1539 1
192 1503 214 1536 .:
233 1481 326 1548 „Quid
344 1481 468 1544 dicam,
486 1482 556 1535 iacto
572 1481 615 1552 qui
627 1481 724 1534 semiue
740 1479 880 1532 comminus
893 1497 954 1532 arva
971 1483 1162 1551 Insequitur?“

26 1563 96 1609 Aen.
118 1557 167 1617 vl,
192 1555 268 1608 601.:
294 1551 388 1616 „Quid
405 1569 585 1604 memorem
601 1549 772 1622 Lapithas?“
797 1552 866 1610 vul,
883 1549 957 1606 48&
983 1551 1077 1616 „Quid
1094 1571 1161 1604 me·
1231 1590 1236 1600 .

26 1641 162 1678 morem
193 1621 313 1674 infandae
342 1620 480 1672 caedes?“
523 1621 606 1672 Huius
630 1619 731 1689 generis
760 1619 878 1686 exempla
908 1631 1010 1674 exstant
1039 1627 1103 1674 Aen.
1129 1625 1161 1686 11,

28 1699 116 1750 101.:
166 1691 242 1757 „Sed
267 1689 330 1759 qnid
357 1706 406 1758 ego
431 1690 498 1742 haec
523 1702 608 1742 autem
628 1689 804 1759 nequidquam
827 1686 929 1756 ingrata
969 1689 1161 1744 revolvo?“

26 1769 73 1826 IV,
93 1763 174 1818 368.:
201 1761 292 1826 „Nam
304 1758 368 1841 quid
392 1758 630 1812 dissimulo?“
654 1777 761 1878 nempe:
788 1757 839 1809 hoc
858 1759 895 1810 ita
920 1775 985 1812 esse.
1011 1760 1064 1812 rid.
1080 1763 1112 1824 Q.
1127 1765 1162 1814 V.

25 1834 142 1896 xxxi,
160 1831 187 1886 3.
225 1829 302 1882 Unde
314 1827 485 1896 intelligitur,
503 1829 587 1880 videri
601 1837 694 1880 nostro
720 1845 768 1879 oco
784 1826 962 1880 scribendum:
989 1829 1061 1894 Quid
1073 1832 1161 1883 maio-

25 1923 61 1956 ra
79 1898 207 1972 sequor?
232 1910 478 1968 commemoraverat
500 1899 568 1954 euim
588 1910 669 1968 poeta
690 1897 742 1953 iant
761 1897 873 1959 maiore,
899 1915 953 1950 uon
973 1913 1040 1950 nuuc
1060 1899 1162 1952 demum

25 1979 284 2025 commemoraturus
299 1979 347 2018 est.
382 1967 439 2018 aed·
452 1968 602 2037 religiosum
616 1978 670 2030 est,
694 1966 834 2018 lectionem
850 1976 925 2018 tanto
941 1968 1018 2020 codd.
1033 1985 1162 2021 consensu

24 2045 166 2094 firmatura
182 2039 312 2090 deserere.
349 2035 419 2100 Quid
431 2055 508 2102 vero,
525 2037 548 2088 si
562 2054 616 2088 nou
631 2035 728 2099 critici,
755 2035 803 2088 aed
816 2036 969 2104 interpretis
983 2037 1079 2090 aux'ilio
1096 2039 1162 2092 haec

23 2107 178 2180 indigent?
212 2109 314 2174 Nempe
328 2105 395 2160 illud
410 2109 516 2159 maiora
528 2107 693 2158 referendum
703 2123 755 2161 nou
768 2105 802 2157 ad
814 2123 982 2178 praegressa,
1000 2107 1048 2159 sed
1067 2109 1102 2160 ad
1121 2127 1161 2173 ea,

23 2199 98 2252 quae
147 2177 208 2230 aulo
229 2187 292 2244 post
311 2193 349 2227 va.
362 2173 423 2230 437.
439 2194 495 2246 sqq.
517 2177 652 2245 leguntur,
676 2175 721 2227 ubi
735 2175 787 2228 toti
798 2187 899 2230 montes
912 2175 1016 2246 lucique
1031 2193 1088 2229 eum
1102 2179 1161 2230 altis

22 2253 124 2304 arbon
146 2265 178 2298 us
199 2255 445 2308 commemorantum
471 2264 531 2298 nam
556 2245 633 2298 etiem
653 2245 751 2305 buxus,
780 2262 832 2314 que
853 2243 949 2298 nobilis
969 2257 1025 2300 erat
1040 2248 1161 2316 Cytorus,

21 2318 201 2390 proceritate
214 2314 322 2382 insignis
335 2313 393 2365 tuit.
412 2316 502 2384 ltaque
518 2315 602 2367 oratio
616 2315 653 2366 ita
665 2331 693 2366 se
709 2315 804 2366 habet:
822 2314 903 2384 „quid
916 2315 1015 2368 maiora
1028 2333 1160 2454 seqqpr-

22 2407 115 2460 qnum
134 2387 215 2438 etiam
233 2384 335 2436 minora
352 2401 426 2435 sunm
444 2383 560 2436 habeant
582 2399 654 2436 usum
673 2411 706 2422 -
728 2385 839 2446 buxum,
857 2384 939 2451 qualia
956 2395 995 2436 est
1014 2385 1040 2435 iu
1103 2405 1161 2452 oro,

20 2463 138 2529 piceas,
157 2455 250 2524 piune,
271 2453 381 2518 cedros,
398 2453 580 2522 cupressosl“
616 2451 723 2505 Scilicet
738 2451 836 2504 fefellit
847 2453 926 2504 Viros
943 2453 1037 2504 doctos
1058 2455 1097 2506 via
1112 2473 1161 2508 co-

19 2531 111 2600 pulae
126 2531 168 2578 Ee
181 2541 217 2575 vs.
230 2523 299 2585 437„
324 2536 375 2592 qua
392 2535 454 2591 poet
468 2525 544 2592 plura
564 2521 721 2589 interposita
739 2520 889 2572 'continuari
908 2521 1051 2574 orationem
1066 2523 1162 2576 docui-

19 2617 84 2650 mus
111 2598 145 2660 Q.
169 2595 201 2648 V.
220 2593 344 2658 XXXV,
363 2593 389 2646 9·
419 2596 491 2664 Wr.)
547 2604 657 2644 enectae
677 2591 705 2641 iu
725 2588 837 2658 antiquie
850 2587 944 2652 scribi,
967 2591 1066 2642 Pierius
1079 2604 1161 2646 notat.

20 2670 80 2720 rid.
99 2683 164 2734 sup.
172 2681 196 2714 r.
207 2664 247 2717 12
267 2663 408 2733 (genestae
420 2663 472 2714 hoc
481 2612 584 2732 quidem
595 2661 656 2712 loce
666 2660 744 2712 etiam
752 2659 899 2719 Medicensr
915 2659 978 2710 item
986 2663 1058 2712 Serv.
1067 2661 1159 2714 Dresd.

22 2738 172 2790 Genium
188 2733 262 2783 Rom.
280 2741 307 2782 et
322 2733 348 2785 2
369 2731 396 2784 ³.
429 2733 568 2784 Praeterea
586 2730 697 2781 horulis
712 2727 806 2780 Medic.
829 2728 901 2793 We.)
970 2728 1021 2782 435
1033 2733 1071 2780 Et
1084 2731 1161 2783 tiliae

19 2805 128 2878 pecori
146 2800 241 2852 multos
263 2799 353 2868 legere
373 2812 491 2854 notatum
510 2802 539 2851 iu
557 2799 695 2852 Servianis.
732 2795 841 2850 umbrae
855 2807 917 2864 poet
935 2797 1049 2850 Pieriam
1061 2799 1162 2864 Heius,

20 2897 36 2929 e
51 2871 228 2928 melioribus.
265 2868 387 2922 unsbram
402 2871 456 2924 alii.
481 2871 519 2941 (in
542 2869 634 2938 quibua
647 2867 780 2919 Mediceus
795 2877 822 2919 et
844 2865 906 2918 edit.
925 2876 987 2920 tert.
1002 2867 1060 2922 Ald.
1089 2871 1161 2939 We.)

17 3001 125 3059 lvas
132 2991 282 3053 traduxit
304 2993 377 3071 Sup.
388 2991 492 3054 n328
507 2996 580 3052 ανία
621 3012 671 3052 ma
689 2989 832 3050 orationis
854 2997 890 3048 ut
908 2989 940 3048 in
954 2989 1006 3050 illo
1023 2992 1097 3052 den.
1111 2991 1161 3068 Vl,

16 3083 184 3164 virgulta
238 3077 310 3142 431.
348 3075 466 3156 Cyrisue
501 3077 582 3137 inter
623 3081 686 3142 807
708 3075 749 3134 Ει
762 3074 933 3135 dubitamus
947 3077 1048 3136 adltuc
1065 3081 1162 3138 virtze-

16 3165 213 3232 arbusculas
238 3163 319 3244 apud
333 3157 532 3241 Theophrast.
550 3171 582 3222 et
623 3175 682 3221 tem
695 3162 846 3222 extendere
848 3161 975 3240 factis?
998 3159 1161 3244 (vid.Q.V.

16 3259 109 3318 Ptin.
132 3253 269 3328 Cytisum
295 3251 462 3308 Mareotae
484 3248 581 3308 videri
621 3247 749 3326 XXXV,
766 3251 796 3322 7,
809 3247 838 3306 d.
865 3246 953 3330 We.)
1006 3279 1007 3286 κ

16 3367 36 3403 a
59 3337 173 3422 poetis
194 3335 330 3414 intelligi,
369 3331 457 3392 docet
474 3332 581 3396 Marti·
664 3331 736 3396 434.
777 3332 860 3411 Quid
886 3337 1004 3394 nrae'ora
1031 3336 1163 3415 sequar?

17 3449 84 3490 nus
101 3423 145 3482 ad
163 3419 194 3480 h.
203 3419 223 3479 l.
233 3422 268 3480 cl.
284 3441 348 3502 sup.
359 3417 399 3480 ad
412 3419 473 3478 Ecl.
486 3419 521 3494 ll,
530 3419 580 3484 64.
620 3419 737 3498 vulgari
749 3419 879 3478 ratione:
901 3439 940 3478 ne
950 3420 1063 3479 maiora
1079 3437 1164 3480 com-

15 3517 106 3575 Mox
125 3510 162 3568 iu
181 3505 314 3586 pedestri
332 3505 468 3564 oratioue
495 3515 580 3564 stru-
621 3525 792 3564 memorem.
835 3504 893 3564 Sed
909 3508 1163 3586 maiompeaeuut

16 3612 122 3662 crura
141 3593 265 3666 fuisset,
291 3591 399 3652 medas
418 3591 498 3650 salva
519 3595 579 3649 mi-
622 3610 684 3650 esse
700 3589 846 3650 utilitates
858 3591 985 3648 maiores
997 3599 1028 3649 et
1041 3591 1162 3650 arbores

16 3691 164 3756 nisu-at,
186 3677 301 3758 qenins,
323 3676 478 3750 sertmrde,
495 3679 581 3755 ignea
621 3675 760 3737 maiores:
788 3675 847 3736 hoc
869 3675 980 3750 Corda,
1001 3686 1164 3756 praeeunte

12 3777 214 3852 pascemur.
252 3761 296 3820 De
317 3761 408 3822 taeda
420 3805 429 3836 ,
460 3763 581 3841 proprie
623 3762 737 3840 Servio,
759 3761 911 3839 sequitur:
934 3760 1017 3834 Quid
1028 3761 1163 3822 insistam

18 3859 145 3926 dicta,
178 3847 305 3922 arbore,
336 3868 423 3906 succo
444 3850 581 3925 posedire
622 3847 654 3906 in
669 3847 827 3907 narrandis
840 3845 1002 3905 commodis
1015 3846 1163 3906 maiorum

17 3938 254 4022 la'zpzu'aelemeque
283 3953 376 4013 quam
412 3937 445 3990 iu
470 3935 578 4010 picea,
624 3931 765 3992 arborum
779 3929 830 4012 (de
838 3931 919 4010 picea
933 3927 1024 3990 modo
1040 3931 1162 4015 egeret),

10 4023 178 4108 flamia
215 4042 253 4078 ac
285 4020 396 4078 lemuzi
429 4039 582 4079 sacrorum
625 4039 693 4078 cum
709 4019 810 4076 salices
824 4027 855 4076 et
868 4026 1003 4096 genestae
1013 4019 1104 4078 etiem
1117 4021 1163 4078 as-

17 4117 128 4174 etiam
141 4117 248 4186 grata,
268 4103 329 4164 rid.
349 4103 424 4164 Pliu.
437 4103 518 4179 XVI,
533 4107 582 4178 10,
624 4104 724 4162 serant
745 4103 888 4162 utilitates
908 4122 986 4163 suas.
1038 4117 1162 4182 artesiae,

18 4223 46 4260 s.
65 4199 125 4262 19.
173 4189 247 4256 433.
269 4189 354 4264 Quae
373 4189 499 4248 cumita
512 4188 582 4264 sint,
624 4189 688 4248 vid.
704 4207 770 4267 sup.
783 4207 812 4248 v.
834 4192 882 4255 12.
923 4187 995 4248 Mox
1012 4125 1076 4255 435
1091 4192 1169 4251 illae

19 4299 138 4345 nonne
165 4276 313 4335 debebant
329 4274 467 4336 honrines
485 4293 583 4334 serere
625 4293 665 4334 ex
686 4273 829 4334 sermonis
847 4283 1006 4334 venustate
1018 4275 1162 4352 abundat,

19 4391 77 4432 eas
112 4363 257 4436 arbores,
294 4369 326 4420 et
349 4359 409 4420 hoc
435 4359 583 4436 quidquid
625 4369 656 4420 et
680 4357 811 4437 vulgaris
837 4368 990 4420 structura
1020 4381 1056 4420 ac
1083 4363 1162 4421 ratio

21 4469 151 4536 operae
165 4456 221 4522 est,
241 4447 276 4506 iis
289 4443 483 4528 impenderet
505 4443 583 4504 For·
625 4453 707 4506 erat:
729 4445 776 4506 lta
797 4445 882 4506 verbi
896 4465 998 4506 mussa
1015 4447 1118 4508 salices
1130 4457 1163 4508 et
