2606 5008
343 401 418 476 An
444 400 749 518 ,sueoniae
1033 405 1112 484 aaa

34 592 83 651 ntis
97 591 194 670 liquido
207 591 328 672 prodita
351 592 402 652 sit.
452 593 645 654 Grammatioi
662 613 736 654 vero
754 591 851 652 multo
870 591 962 671 magis
982 592 1111 654 turbant

33 677 233 756 disputationem,
262 699 331 738 cum
349 699 411 738 non
431 679 522 739 modo
547 679 649 759 plures
660 679 755 740 Varos
776 678 981 753 contradant,
1003 698 1118 740 verum¹

31 766 165 822 ettoniae
181 780 247 824 catur
270 767 305 825 V
299 785 353 823 aso
364 765 517 838 misceant.
561 766 586 824 F
587 786 669 825 ranc.
685 763 802 826 Aricina
820 764 852 822 in
866 765 1013 824 Cremona
1025 765 1109 826 litte-

31 858 75 906 rats
83 850 110 907 T.
120 849 140 923 1,
152 869 180 930 p.
192 853 235 914 27
247 869 300 928 ιη,
324 871 342 908 a
366 871 426 928 quo
446 849 522 911 baec
542 851 674 911 severius
693 841 823 910 tractata
848 850 1058 928 expectabam,
1079 859 1111 910 et

30 935 71 1012 ipae
80 934 195 994 liveram
216 933 351 994 homines
366 937 501 1014 miscuit;
521 935 791 1017 reprebensns'iam
809 934 870 996 boo
886 936 1005 995 nomine
1019 957 1037 994 a
1051 957 1110 1017 po-

28 1019 97 1097 pulari
113 1017 151 1101 (in
172 1019 313 1080 Gsbmale
333 1022 387 1079 de’
409 1024 556 1082 Lettemti
575 1023 615 1081 d'
637 1025 735 1084 Italia
758 1023 811 1081 To.
832 1021 873 1096 X,
890 1041 920 1100 p.
940 1021 1005 1085 264
1022 1019 1109 1106 sqq.).

28 1105 121 1182 ll'grum
132 1114 226 1166 tamen
238 1126 348 1166 nomen
362 1105 494 1180 hominis
511 1108 662 1172 aMarons
677 1117 741 1183 tam
753 1105 886 1167 studiose
899 1107 1052 1184 celebrati,
1074 1117 1111 1168 ut

28 1190 187 1268 numdeeo
200 1202 314 1272 agatur.
356 1193 461 1254 Nescio
480 1195 572 1270 enim,
595 1196 747 1273 quomodo
762 1192 879 1268 accidit,
899 1192 1011 1252 utistis
1026 1203 1110 1252 aeta-
1210 1195 1217 1210 ⁹

28 1276 95 1350 tibus,
113 1279 212 1355 quibus
230 1299 338 1358 magna
361 1299 465 1339 rerum
486 1281 617 1341 inversio
636 1282 717 1341 lacta
732 1289 791 1356 est,
813 1277 970 1358 magnique
983 1279 1056 1355 viri,
1079 1288 1110 1339 et

25 1361 86 1420 rebus
102 1364 182 1441 gestis
201 1374 233 1424 et
249 1365 367 1444 ingenio
389 1366 477 1441 clari,
507 1366 653 1442 floruere,
683 1368 800 1428 nullum
818 1384 929 1424 nomen
944 1365 1004 1441 eit,
1026 1364 1110 1443 quod

25 1467 65 1506 non
81 1449 201 1510 animum
216 1451 353 1531 impellat
371 1461 402 1510 et
419 1451 555 1512 studium
577 1462 716 1513 noenum
729 1454 761 1512 in
775 1459 986 1512 seconrertat.
1029 1453 1108 1512 'l'um

26 1551 85 1608 reo,
101 1535 122 1592 si
139 1537 236 1616 magni
256 1537 316 1598 viri
335 1537 437 1598 studio
461 1537 551 1606 semel
571 1547 727 1616 tenemur,
750 1539 840 1598 etiem
853 1537 963 1596 amicos
978 1537 1040 1598 eius
1055 1557 1109 1596 oo-

23 1623 382 1704 gmseereavidocupimue.
873 1636 876 1645 “

80 1741 264 1802 Secernamus
283 1743 381 1822 primo
399 1741 510 1818 Varos,
539 1761 615 1821 quos
630 1751 742 1802 temere
762 1741 825 1807 buc
834 1751 984 1804 vocarunt
999 1744 1108 1804 Gram-

21 1827 99 1884 mtici.
137 1829 171 1887 P.
196 1829 394 1907 Qniwtdinm
413 1829 541 1888 -Vanma
564 1829 599 1888 U.
621 1829 652 1888 C.
675 1829 788 1893 761in
811 1830 971 1890 Germania
990 1847 1109 1889 caesum

21 1907 59 1966 am
68 1912 121 1990 ipsa
134 1919 305 1994 temporum
316 1914 395 1973 ratio
410 1913 560 1992 excludit3
581 1915 605 1974 si
618 1914 738 1994 quidem
751 1915 879 1975 florente
899 1923 995 1976 aetate
1009 1915 1108 1995 Virgi-

21 1991 117 2057 lashoc
130 2019 250 2060 carmen
263 2000 389 2080 scripsit.
418 1999 530 2059 Eadem
545 1999 582 2059 de
596 2021 699 2061 caussa
711 2001 812 2060 locum
826 2001 1108 2061 nechabetP.Al—
1177 2007 1182 2034 ¹

19 2079 80 2154 senae
91 2082 240 2164 (scribitur
253 2095 285 2144 et
304 2085 466 2164 Alphenna
485 2095 516 2144 et
526 2083 673 2170 Alj‘z'niue)
692 2090 812 2163 Vanae,
838 2089 902 2148 Cos.
916 2087 989 2164 754,
1001 2087 1108 2147 nobilis

19 2165 92 2244 lctus,
111 2170 148 2229 ad
158 2191 251 2250 quem
262 2171 339 2230 male
358 2169 491 2230 retulere
504 2171 625 2232 Horatii
639 2173 740 2232 locum
756 2175 816 2232 Sat
830 2173 853 2250 l,
865 2177 895 2249 3,
912 2178 982 2238 130.

76 2271 164 2331 Alium
182 2273 332 2353 Alfenum
355 2275 473 2334 Varum
491 2275 529 2333 ab
546 2273 679 2354 Augusto
695 2275 925 2356 Transpadanae
936 2273 1109 2355 provinciae

19 2358 111 2434 tltgris
131 2359 307 2420 dividundis
329 2361 528 2439 praesectum,
557 2380 595 2420 ne
613 2362 738 2440 Virgilio
761 2381 828 2440 ager
846 2361 1029 2441 eriperetur,
1052 2380 1108 2420 cu-

19 2456 83 2516 mse,
100 2453 267 2504 memorant
280 2445 423 2504 Serviane
438 2447 478 2505 ad
492 2445 554 2506 Ecl.
569 2443 619 2523 Vl,
635 2452 654 2510 6
670 2457 700 2506 et
719 2447 752 2505 in
770 2447 1001 2509 Pseudodonato
1015 2467 1037 2504 s.
1056 2449 1107 2510 30.

19 2519 78 2584 Hune
98 2549 154 2589 esse
179 2531 218 2592 de
244 2551 304 2609 quo
326 2530 466 2611 Virgilius
485 2530 544 2590 bac
562 2531 623 2591 Ecl.
642 2531 691 2592 VI.
710 2541 774 2591 tam
796 2531 950 2611 magnifice
962 2531 1108 2610 loquitur,

19 2613 133 2686 probabile
145 2617 250 2676 lieret:
272 2617 400 2676 simodo
413 2616 450 2676 de
466 2615 595 2678 bominis
608 2617 699 2678 rebus
710 2617 789 2676 bello
803 2618 892 2696 gestis
905 2617 1018 2696 aliquid
1033 2635 1107 2674 con-

19 2705 95 2776 earet,
120 2723 194 2782 quae
214 2711 321 2764 tantae
340 2712 453 2790 essgnt,
485 2711 523 2763 nt
542 2703 668 2762 carmini
695 2703 778 2783 spico
796 2703 952 2764 materiem
969 2703 1109 2762 idoneam

19 2783 165 2857 praeberent.

76 2889 285 2966 umanum,
316 2900 440 2950 scutum
460 2900 491 2950 et
510 2910 648 2951 severum
668 2887 753 2950 illum
772 2888 911 2949 criticum
931 2909 979 2969 ap.
1001 2887 1108 2948 Horat.

19 2967 57 3028 ist
67 2973 130 3050 438,
145 2977 182 3035 de
196 2977 284 3036 carius
298 2986 397 3036 morte
409 2976 524 3036 solabar
536 2977 692 3055 Virgilium
711 2996 799 3035 suum
823 2975 968 3036 Horatius
981 2974 995 3034 l
1010 2975 1108 3036 carm

19 3053 52 3128 li,
74 3068 99 3118 et
120 3081 211 3140 quem
228 3061 433 3142 Hieronymus
452 3061 563 3122 Chron.
585 3063 691 3122 Euseb.
720 3061 949 3122 Cremonensem
969 3061 1108 3144 appellat,

19 3153 101 3203 notato
118 3147 181 3208 eius
200 3169 281 3206 anno
301 3147 460 3208 emortuali
483 3147 661 3229 adolymp.
685 3149 790 3225 189‚1
813 3144 861 3230 (U.
884 3147 915 3208 C.
939 3151 1012 3224 730,
1039 3156 1109 3209 ante

19 3223 47 3284 t
63 3231 170 3315 11-24),
201 3232 287 3293 nulla
305 3233 416 3294 idonea
441 3235 621 3294 auctoritate
653 3235 688 3294 V
683 3236 731 3294 (ιη’
756 3233 930 3314 cognomine
958 3235 1109 3316 appellant

19 3309 191 3394 iranmatici,
223 3319 347 3380 Servius
367 3319 407 3379 ad
429 3319 489 3380 Ecl.
506 3319 541 3395 V,
566 3324 618 3396 20,
639 3329 670 3378 et
693 3317 793 3382 Schol.
814 3319 922 3382 Horat.
938 3319 974 3380 cs.
988 3323 1109 3381 lluaeus
1235 3403 1238 3410 Ι

74 3505 228 3582 (λΑιιίιηι
245 3508 364 3568 Varum
386 3520 425 3567 ex
449 3506 582 3566 Caesaris
601 3507 767 3568 Comment
797 3507 837 3568 de
853 3508 887 3568 B.
909 3507 1035 3581 G.Vll1‚
1055 3509 1107 3570 28.

19 3583 91 3648 ttiv.
111 3591 161 3668 Ill,
183 3595 227 3656 37
249 3589 312 3652 buc
324 3602 415 3654 vocat
436 3592 558 3652 Martias
588 3593 717 3652 nominis
737 3593 933 3654 similitudine
953 3593 1106 3652 inductus.

19 3669 35 3744 l.
45 3673 120 3738 Vbll.
136 3678 274 3738 occurrit
285 3677 319 3737 in
333 3679 428 3738 Sarda
443 3677 625 3759 Dactyliotb.
639 3679 723 3760 Lipp.
740 3681 825 3740 Τοιιι.
841 3679 878 3755 11,
891 3683 923 3754 2,
940 3679 1013 3741 219.

71 3780 108 3837 L.
136 3783 266 3856 Varus,
297 3781 483 3861 Epicureus,
522 3781 654 3840 Caesarie
679 3781 813 3857 amicus,
849 3788 1036 3839 memoratur
1061 3800 1108 3860 ap.

19 3855 124 3930 aaut
142 3867 167 3926 t
187 3866 241 3925 or.
261 3866 311 3942 vt,
332 3869 362 3942 a,
382 3870 433 3931 aa.
477 3865 596 3927 umam
611 3865 661 3926 nc
673 3867 809 3926 lectione
827 3865 1004 3925 meatem
1017 3875 1109 3926 noa-

19 3951 162 4026 invideo,
189 3961 227 4011 ut
241 3971 296 4011 neo
314 3952 347 4010 in
361 3952 456 4012 altero
475 3953 542 4012 loco
567 3951 608 4026 X,
630 3955 660 4028 3,
680 3955 701 4017 8
726 3952 893 4030 Virgilium
907 3953 1110 4030 paucissimos

19 4029 42 4086 ie
57 4040 251 4114 eompoauaeae
267 4058 369 4098 versus
383 4049 488 4096 auctor
500 4050 543 4096 est
559 4039 594 4099 V
589 4059 670 4097 arus.

70 4137 275 4200 Indubitatum
299 4159 418 4218 quoque
441 4142 520 4202 Vari
538 4159 647 4200 nomen
669 4146 715 4198 est
726 4157 773 4218 ap.
788 4136 896 4198 Horat
912 4136 935 4214 l,
951 4141 991 4204 18
1011 4139 1108 4201 Carm.

19 4219 132 4299 l'ullorn,
163 4227 261 4301 Vane,
290 4247 387 4284 saera.
430 4225 469 4284 Et
491 4225 587 4304 Epod.
608 4225 651 4301 V,
673 4227 730 4301 75,
752 4223 806 4282 ubi
824 4223 949 4284 Canidia
970 4226 1004 4285 in
1029 4245 1108 4304 eum,

19 4323 135 4383 mquam
143 4309 370 4372 inconstantem
385 4319 565 4387 amatorem,
585 4309 689 4371 saevit.

72 4409 147 4470 llibil
159 4413 193 4473 in
205 4411 253 4472 bis
267 4419 330 4490 est,
352 4434 413 4492 quo
426 4413 618 4474 manifestum
629 4411 693 4486 fiat,
716 4431 755 4470 an
771 4407 808 4470 de
822 4409 928 4472 eodem
940 4411 1021 4474 Varo
1038 4433 1109 4494 oga-

19 4507 54 4550 tr·
91 4495 151 4571 Qui
164 4497 284 4562 Horatii
296 4499 409 4561 amictu
421 4499 493 4577 fuit,
514 4502 615 4582 potuit
634 4507 666 4559 et
679 4495 793 4578 Virgilii
813 4515 889 4577 esse,
912 4499 1014 4580 potuit
1028 4499 1108 4559 idem
