2630 5002
366 413 426 492 ΙΝ
453 409 762 495 (ttionemn
1045 425 1123 502 2⁷5

34 588 1123 708 amaret‚QuodsecundaCerescampos,qu'od

33 703 158 780 lallas
182 717 473 807 utrumque,
499 709 656 808 Atque
683 705 878 784 arbusta
898 709 1029 808 vagis
1054 733 1122 786 es-

32 819 108 882 sent
136 803 271 911 quod
302 807 530 885 adultera
558 810 743 910 pomis,
780 809 1122 915 Silvarumque

32 909 136 1010 deos,
156 924 447 1016 sacrataque
465 907 684 1012 numina,
710 913 967 1014 Nymphas,
987 915 1122 993 Pacis

33 1037 143 1114 opus,
179 1029 616 1116 magnos'naturae
655 1017 904 1094 conditio
929 1025 1120 1118 usus*).

32 1119 95 1210 Quo
108 1141 257 1220 quaeso
276 1120 461 1221 Operum
480 1139 524 1195 ac
540 1121 706 1198 Discum
726 1115 818 1198 loco
835 1143 972 1198 earum
985 1145 1122 1202 remur

30 1221 208 1320 vestigium
232 1221 396 1326 aliquod
419 1218 729 1346 deprehendas?
783 1222 866 1301 Sed
885 1237 1020 1326 potest
1044 1224 1121 1323 hic,

32 1323 112 1424 quod
131 1326 213 1402 iam
232 1325 414 1404 Bentleio
436 1347 566 1403 visum
589 1339 666 1426 est,
692 1327 775 1406 inte
826 1325 964 1404 olatrix
981 1351 1123 1404 manus

30 1442 166 1523 grassata
194 1449 280 1506 esse
303 1429 456 1522 videri3
493 1429 536 1507 id
559 1443 696 1507 tamen
836 1453 952 1530 aegre
979 1430 1123 1508 admit-

30 1531 170 1609 tendum
189 1533 262 1629 sit,
287 1527 429 1611 videor
446 1533 548 1610 mihi
561 1533 769 1612 Manilium
782 1535 981 1636 Propertii
994 1535 1123 1611 imita-

29 1635 109 1712 tione
141 1635 334 1734 ulterius,
375 1657 498 1741 quam
532 1637 679 1736 vellet,
720 1651 904 1716 evectum
940 1661 1123 1716 exerrsare

29 1761 126 1836 posse
190 1743 394 1838 Lynceum
430 1743 462 1817 is
479 1746 548 1842 **)
576 1742 749 1818 amicum
776 1759 918 1839 suum,
957 1754 1122 1842 poetam
1190 1821 1195 1826 ,

28 1843 176 1938 graviora
205 1857 438 1943 argumenta
464 1856 631 1922 tractare
653 1837 840 1943 solitum,
881 1865 1023 1922 amore
1043 1846 1123 1922 iam

29 1957 158 2046 captum
184 1948 371 2047 exagitat,
406 1960 447 2024 et
468 1947 519 2025 ad
541 1947 675 2048 elegos
695 1948 908 2026 amatorios
929 1945 1123 2026 adhaesus

29 2071 94 2124 rum
115 2069 200 2126 esse
223 2064 445 2150 auguratur.
495 2053 580 2130 Nec
603 2061 740 2130 tamen
759 2071 849 2130 eam
868 2073 958 2130 rem
977 2064 1024 2128 ut
1046 2075 1123 2154 pu-

30 2149 93 2228 don·
108 2153 182 2230 sibi
204 2153 342 2252 ducat,
369 2167 436 2232 aut
452 2167 499 2231 ut
521 2153 621 2232 haec
644 2156 817 2233 camnine
836 2157 1039 2233 minorem
1060 2156 1123 2231 in-

28 2267 71 2330 ter
81 2259 281 2335 Romanos
296 2257 479 2336 habitura
501 2277 587 2336 esse
605 2259 770 2360 gratiam
793 2259 1006 2358 existimet,
1030 2283 1123 2334 mo-

29 2373 95 2438 net:
127 2359 224 2438 dum
244 2361 425 2440 bucolica
445 2359 609 2459 scribat,
636 2361 735 2440 dum
754 2362 921 2442 Hesiodi
938 2360 1122 2463 exemplo

28 2459 64 2537 de
81 2487 121 2540 re
140 2465 283 2541 rustica
309 2477 470 2543 carmen
491 2465 657 2564 condat,
691 2486 790 2542 non
810 2479 970 2541 tamen
990 2463 1122 2560 haec,

29 2587 105 2664 quae
127 2567 176 2645 de
199 2587 338 2646 amore
362 2571 577 2671 scripturus
599 2569 674 2668 sit,
707 2563 801 2644 ulli
824 2567 1028 2646 venient
1055 2567 1123 2641 in·

28 2682 136 2764 grata
152 2671 358 2772 legenti,
386 2673 498 2750 Sive
518 2674 565 2749 in
584 2690 748 2750 amore
766 2665 903 2746 rudis
925 2669 1026 2746 sive
1045 2691 1124 2768 pe-

28 2772 127 2848 ritus
147 2777 249 2855 erit
301 2779 496 2855 luserant
517 2773 681 2870 eadem,
714 2774 863 2876 pergit,
891 2769 964 2850 alii.
1015 2771 1124 2848 Dum

26 2873 221 2956 Hesiodum
235 2885 455 2980 memorat,
482 2883 554 2956 Tu
574 2879 726 2976 canis,
752 2875 899 2978 inquit,
925 2873 1123 2955 Ascraei

27 2983 181 3058 veteris
213 2995 483 3086 praecepta
518 2993 723 3085 poetae,
763 2985 872 3076 Quo
901 2995 1042 3078 seges
1073 2977 1122 3054 in

28 3103 187 3186 campo,
227 3111 325 3188 quo
351 3088 476 3166 viret
503 3107 593 3163 uva
618 3085 743 3184 iugo.
795 3081 918 3162 Vides
938 3080 1122 3184 exemplo

26 3183 163 3265 Hesiodi
186 3191 273 3267 cani
301 3190 395 3284 dici,
422 3211 507 3266 non
527 3189 576 3266 ab
596 3183 684 3290 ipso
701 3185 900 3282 Hesiod03
925 3187 1057 3288 potuit
1077 3209 1122 3262 ea

27 3297 137 3367 tamen
150 3290 333 3371 Manilius
353 3293 403 3371 ad
419 3291 643 3370 Hesiodum
657 3292 789 3393 ipsum
806 3287 976 3389 referre,
1004 3303 1122 3390 atque

28 3391 141 3492 etiarn,
162 3421 255 3473 cum
272 3399 313 3474 in
331 3395 450 3474 laude
471 3409 616 3500 poetae
632 3407 873 3492 versaretur,
901 3417 951 3470 eo
968 3391 1122 3491 adduci,

27 3505 61 3567 ut
73 3499 256 3600 copiosius
274 3513 315 3578 et
329 3501 523 3600 ornatius,
551 3521 595 3577 ac
610 3523 675 3576 res
690 3495 864 3596 ferebat,
890 3493 1065 3573 efferret.

110 3701 400 3784 Sententiarum
421 3716 792 3808 etpraeceptorum
812 3695 872 3778 rei
892 3695 1060 3775 rusticae
1080 3695 1122 3772 in

28 3795 92 3878 hoc
105 3805 271 3887 carmine
288 3808 660 3911 interpretationem
678 3807 764 3886 sine
780 3799 975 3894 tolerabili
996 3798 1123 3902 aliqua

29 3907 286 4002 agricolationis
307 3913 448 4016 peritia
464 3925 574 3989 recto
595 3907 657 3987 vix
673 3905 888 3986 succedere
902 3928 1038 4027 posse,
1064 3900 1123 3978 fa-

29 4007 89 4086 ule
102 4013 338 4118 intelligitur3
366 4041 455 4094 eam
476 4029 612 4092 tamen
630 4013 672 4092 in
691 4009 774 4090 mei
790 4004 941 4088 ordinrs
955 4005 1122 4084 homine

57 4251 77 4316 ’l
91 4255 167 4313 hit
180 4263 212 4328 11,
227 4261 262 4317 19
275 4277 334 4331 sqq.

59 4337 86 4404 'l
98 4341 204 4417 Proput.
216 4345 265 4400 llis.
276 4345 301 4400 n
314 4345 390 4414 Elsg.
406 4353 474 4398 extr.
486 4361 576 4398 versus
588 4343 674 4397 duem.

833 4425 910 4497 18*
