2730 5016
204 359 562 438 GEORGICON
587 361 693 438 LIB.
715 363 782 458 111,
798 364 1016 444 557-565
1093 369 1167 446 591

69 546 346 641 verumetiam,
372 548 518 622 invisos
533 548 565 622 si
580 548 666 649 quis
681 560 850 624 tentarat
867 549 1049 646 amictus,

24 700 27 712 ·
68 649 243 724 Ardentes
260 649 447 752 papulae,
475 664 593 752 atque
610 651 827 727 inmundus
844 651 989 731 olentia
1005 652 1129 729 sudor

23 771 26 816 ι
67 751 227 827 Membra
239 753 497 854 sequebatur3
522 779 597 830 nec
611 755 732 854 longo
747 753 895 832 deinde
906 757 1079 832 moranti
1092 760 1169 838 565

23 999 25 1006 ,
68 941 83 998 Ι.
96 937 162 994 dide
189 942 290 1006 „Multa
310 942 361 994 tibi
382 952 443 995 ante
465 959 523 996 ares
540 955 631 996 nostra
648 944 724 996 cedet
740 943 828 996 hostia
849 945 979 1006 dextra;“
1009 945 1066 998 scil.
1085 947 1114 999 si
1132 945 1169 1000 id
1263 969 1266 974 ·

23 1013 25 1022 “
66 1009 540 1080 feceris,quodterogsmua.
575 1015 611 1076 X,
628 1009 704 1068 423st
735 1015 830 1076 „Haec
855 1016 1099 1098 armaexuvieeque
1119 1015 1170 1068 viri

65 1087 212 1146 taaqnercss
228 1081 374 1143 habetur*
393 1081 450 1134 scil.
469 1083 498 1132 si
517 1083 580 1134 hoc
598 1081 683 1134 mihi
700 1081 862 1147 dederis,
880 1095 916 1134 nt
932 1085 1040 1136 virum
1056 1096 1168 1136 inter-

65 1147 179 1199 ficiam.
211 1151 282 1216 XII,
300 1153 360 1206 808.
377 1169 448 1222 sqq.:
467 1190 483 1216 „
492 1154 544 1204 leta
566 1152 671 1221 quidem
694 1151 754 1220 quia
771 1163 834 1204 note
848 1153 910 1204 mihi
923 1162 982 1216 tue,
999 1173 1100 1224 magne,
1116 1171 1168 1206 vo-

23 1257 24 1268 .
64 1214 148 1278 luntas,
166 1219 295 1289 luppiter:
321 1231 348 1272 et
358 1223 475 1273 Turnum
490 1231 518 1273 et
533 1231 616 1273 terras
634 1221 716 1272 inrita
735 1221 838 1290 reliqui.
873 1224 931 1277 Nee
942 1234 971 1273 tn
985 1239 1027 1274 me
1038 1225 1107 1276 aeris
1119 1239 1169 1275 eo-

64 1283 180 1338 lemnune
195 1291 258 1341 sede
273 1291 377 1342 videres
396 1291 482 1359 Digna
497 1290 602 1360 indigua
618 1290 712 1360 puti;“
737 1291 754 1342 i.
769 1309 792 1343 e.
815 1293 872 1343 Nee
891 1302 933 1354 tu,
958 1291 987 1343 si
1009 1293 1168 1346 voluntas

23 1405 24 1412 χ
64 1363 111 1406 tra
131 1357 208 1408 mihi
231 1377 299 1411 ιιοιι
323 1371 417 1412 esset
441 1371 538 1424 uota,
557 1371 606 1412 etc.
642 1362 702 1425 XII,
717 1362 792 1416 879.:
820 1379 883 1426 „cur
903 1361 1168 1415 mortisademtaest

23 1429 24 1434 ’
63 1423 190 1478 conditio?
210 1447 315 1498 possem
334 1441 418 1482 tentos
433 1430 507 1482 finire
521 1431 665 1492 dolorea;“
684 1430 701 1482 i.
718 1448 740 1482 e.
758 1448 877 1500 possem,
902 1429 932 1482 si
949 1430 1014 1483 illa
1032 1433 1167 1484 ademta

23 1499 24 1506 ’
63 1505 156 1546 esset.
172 1525 205 1536 -
230 1498 348 1550 Ceterum
365 1513 465 1570 putres
483 1501 578 1552 Medic.
598 1500 671 1568 Wr.)
757 1501 810 1554 563
833 1501 903 1566 Quin
925 1502 1006 1552 etiam
1028 1503 1167 1562 Romanus,

62 1577 104 1612 non
118 1563 187 1616 rnnle.
213 1567 259 1635 (na
291 1569 491 1634 uidem-sed,
509 1570 558 1620 aed
573 1572 655 1622 etiam
673 1567 726 1620 vid.
748 1587 789 1638 ap.
812 1568 954 1620 Tursellin.
975 1570 1009 1620 de
1031 1569 1167 1622 Particulis

61 1649 111 1700 pag·
125 1634 182 1688 522
196 1654 234 1704 sq.
258 1587 299 1689 ed.
319 1639 458 1690 Schwartz.
493 1639 560 1690 Hinc
581 1637 660 1690 colon
680 1655 730 1708 pro
743 1649 889 1707 punetovs.
904 1639 966 1693 562.
1003 1639 1068 1691 osui.
1089 1642 1151 1692 Wr.

61 1705 130 1753 etiam
141 1707 251 1758 miseros
264 1709 331 1758 Vera.
367 1719 512 1778 temptares
529 1708 623 1759 Medic.
640 1726 655 1760 a
674 1727 708 1760 ιιι.
726 1727 766 1777 pr.
791 1710 885 1775 (estes
899 1708 973 1775 prior
983 1659 1073 1760 iectio.
1093 1711 1154 1762 Wr.

60 1769 298 1911 {gijgpezqffippntur
319 1777 385 1830 Vsu.
408 1786 437 1828 et
457 1775 583 1830 Rottend.
601 1795 654 1830 see.
689 1776 814 1830 Similiter
830 1779 928 1846 Georg.
952 1779 998 1842 tv,
1016 1778 1166 1834 &variatum

60 1963 92 2024 ad
123 1969 235 2030 Indices
272 1973 405 2054 Gotting.
438 1973 586 2034 literarios
629 1971 712 2051 quod
742 1973 973 2053 'Interpretibus
1017 1973 1167 2032 molestiae

60 2049 128 2112 Part.
151 2057 253 2134 XLlV,
271 2079 302 2138 p.
320 2063 392 2124 361.
410 2080 452 2138 sq.
468 2059 549 2119 laud.
569 2081 587 2118 a
627 2078 697 2120 eum
709 2059 889 2118 lacessirisss
901 2058 1084 2119 videbamus.
1101 2057 1166 2118 ld-

59 2135 189 2202 Geisslero
216 2145 250 2204 in
277 2143 377 2204 Schol.
415 2145 454 2204 ad
479 2147 585 2225 Georg.
626 2143 896 2224 iungamussdhuc
912 2145 1067 2206 nonnulla.
1106 2147 1166 2205 Vi-

57 2241 111 2301 ptg.
129 2237 202 2288 extr.
229 2228 325 2312 Wr.)
370 2230 475 2304 Quid'l
504 2231 586 2310 quod
627 2251 710 2288 seem
725 2229 840 2289 abolere
853 2230 1166 2296 midu559.560fere

58 2307 135 2385 adeo,
156 2315 217 2378 563
231 2315 257 2374 si
271 2315 337 2393 quis
354 2336 370 2374 e
386 2318 454 2376 lana
470 2327 585 2377 vestem
626 2316 670 2374 ita
685 2316 853 2395 accipiunt,
875 2323 911 2374 ut
925 2316 979 2389 sit,
1001 2315 1113 2374 malum
1127 2334 1166 2374 ex

57 2397 221 2475 coniecerat,
234 2405 363 2460 ammius
375 2405 495 2476 invisos,
511 2421 585 2479 quos
627 2401 791 2460 uisceribus
809 2401 870 2459 sive
885 2400 1015 2458 lavando
1037 2399 1098 2458 sive
1113 2420 1166 2458 eo·

57 2479 242 2563 abhorreres,
276 2487 427 2566 appellat,
462 2506 586 2564 eamque
628 2485 748 2563 quendo
770 2485 901 2560 abolere,
930 2483 961 2543 h.
976 2484 1038 2543 sive
1052 2484 1163 2542 morbi-

56 2563 206 2646 induerat,
248 2573 401 2650 papulas,
440 2573 585 2650 pustulis,
629 2570 699 2628 dam
720 2579 878 2645 naturam,
911 2568 974 2627 eive
990 2589 1049 2647 pus
1073 2577 1103 2626 et
1116 2589 1166 2626 sa-

56 2654 315 2732 enanthernatibus,
331 2657 586 2732 carbunculum.
627 2655 723 2730 niem,
745 2654 808 2713 sive
818 2698 827 2730 ,
849 2663 885 2712 ut
903 2653 1024 2713 Servius
1036 2652 1164 2729 subiicit,

55 2735 129 2798 denti
148 2743 229 2801 sanie
248 2743 450 2818 tumentibus,
479 2751 509 2801 et
520 2743 585 2801 soe-
627 2759 780 2800 mucorem
813 2739 962 2817 quendam
990 2737 1071 2796 carni
1096 2757 1165 2798 eor-

57 2822 113 2881 tido
133 2828 237 2887 sudore
247 2873 256 2903 ,
287 2848 322 2887 ae
339 2828 425 2888 brevi
450 2838 585 2908 ternpore
626 2835 736 2905 ruptas
748 2823 964 2884 inhaerentem.
985 2822 1026 2884 At
1037 2821 1097 2882 hoc
1111 2841 1166 2882 nee

53 2918 113 2984 P⁰⁵l
133 2913 194 2978 666
212 2935 299 2972 sacru
318 2917 387 2993 igni
405 2934 513 2994 eorpus
534 2915 585 2972 in·
626 2912 789 2971 verborum
819 2929 875 2970 nec
900 2910 944 2968 rei
975 2919 1084 2968 natura
1112 2919 1166 2968 aut

53 2993 216 3058 laetabatur.
267 2999 321 3058 Est
360 3008 461 3059 autem
501 3021 587 3058 sacer
626 2996 807 3058 veterinaria
818 2997 896 3055 ratio
911 2995 1052 3054 admittit.
1081 2991 1166 3053 Alto-

54 3080 144 3158 ignis,
175 3085 212 3144 de
234 3103 295 3162 quo
310 3085 424 3145 Colum.
443 3085 464 3146 l.
479 3105 504 3145 c.
521 3085 584 3160 Vll,
626 3103 713 3158 rum,
741 3083 878 3160 Jhmma
901 3085 1015 3141 vumere
1038 3083 1163 3154 nucem,
1267 3129 1270 3141 .

53 3165 154 3238 5,16.
196 3170 353 3229 Laudatur
376 3189 496 3249 quoque
523 3171 584 3230 Lu·
628 3177 682 3228 eut
711 3167 890 3245 coquendo,
926 3175 980 3228 sut
1005 3166 1164 3241 torrendo,

53 3259 118 3310 eret.
138 3255 186 3331 Vl,
201 3256 294 3322 1165.
306 3256 380 3315 ibid.
398 3260 469 3331 660,
491 3256 587 3335 erysi-
628 3253 693 3313 fieri
722 3263 845 3332 putant:
882 3273 952 3312 sane
979 3253 1100 3313 Servius
1127 3251 1167 3310 ad

51 3336 150 3410 pelatis
162 3337 396 3423 φλιγμονῶἃους
409 3361 509 3420 genus,
523 3341 585 3400 vid.
627 3360 658 3400 v.
671 3337 735 3403 490
750 3359 766 3397 e
778 3339 873 3400 Plinio
889 3338 1009 3398 laudat:
1031 3335 1166 3396 morbosa

52 3419 162 3486 Celsum
176 3427 219 3501 V,
241 3429 299 3502 28,
314 3425 343 3501 4,
365 3446 544 3505 quamquam
561 3427 586 3485 is
628 3445 698 3484 earo
725 3447 785 3483 non
809 3428 969 3504 nequitum
1009 3431 1039 3482 et
1062 3421 1165 3482 similia

51 3505 84 3562 ab
114 3511 291 3592 erysipelate
324 3511 475 3572 diversum
505 3512 586 3572 iacit.
628 3509 827 3586 narrantalii5
845 3507 1166 3589 superstitiosepotius,

51 3589 118 3652 aliis
137 3596 314 3676 phlegmone
334 3607 388 3657 est.
431 3595 503 3664 554.
531 3617 585 3656 saa-
627 3605 719 3676 puto,
749 3615 839 3674 quam
861 3615 949 3670 vere,
983 3602 1015 3652 et
1039 3601 1166 3672 possunt

51 3675 101 3735 dor
129 3682 263 3740 naemdm
296 3681 493 3762 sequebatur,
529 3702 585 3761 per
626 3683 731 3759 utique
750 3681 841 3740 verba
861 3699 915 3759 per
931 3699 961 3738 ae
976 3677 1035 3737 hoe
1052 3677 1166 3757 signifi·

51 3781 148 3825 omnes
165 3777 267 3845 partes
283 3787 314 3825 se
336 3767 505 3827 diffundens
514 3812 523 3842 ,
549 3777 587 3826 ut
628 3776 700 3826 catu
712 3766 823 3846 accipi,
844 3785 906 3824 non
920 3783 1009 3839 vero,
1031 3773 1068 3823 ut
1083 3762 1165 3822 vidi-

50 3845 118 3910 Aen.
139 3853 200 3928 IX,
218 3856 281 3916 812
309 3865 372 3911 tum
394 3865 452 3912 toto
467 3873 586 3930 corpore
627 3871 711 3927 mus,
731 3849 791 3911 hoc
804 3858 955 3910 contextu.
999 3847 1082 3924 Quid
1095 3857 1166 3908 tnn-

50 3935 136 3994 sudor
155 3939 308 4017 Liquitur.
358 3939 430 4004 565.
458 3942 588 3997 irrorans·
629 3936 697 4012 dem
709 3945 836 3996 naturae
847 3935 891 3996 rei
905 3933 995 4014 magis
1008 3943 1167 3994 consenta-

51 4017 124 4080 dixit
152 4032 259 4082 ornate
284 4043 360 4104 pro,
389 4023 435 4098 ei,
470 4022 500 4082 lr.
523 4023 587 4082 eius
629 4041 735 4094 neum,
765 4041 855 4100 quam
876 4029 913 4081 ut
934 4019 1080 4082 cadavera
1105 4019 1175 4104 igni

49 4115 130 4166 artus
150 4127 206 4167 seu
226 4129 357 4188 corpus,
391 4107 501 4168 seilicet
524 4129 588 4168 non
630 4116 813 4183 cremarent,
836 4115 890 4166 sut
907 4107 941 4165 in
954 4106 1079 4166 flumina
1091 4125 1166 4186 pro-

49 4207 99 4268 per
111 4191 235 4272 longum
243 4203 360 4274 tempus
373 4193 399 4252 ei
414 4213 512 4252 moras
522 4203 585 4253 tra-
628 4193 753 4252 iieerent
765 4235 774 4267 ,
817 4213 877 4270 quo
911 4201 1041 4270 utroque
1075 4191 1166 4252 modo

48 4271 116 4336 here
127 4277 248 4355 licebat,
271 4299 340 4338 cum
353 4278 506 4356 sacroigni
516 4287 586 4338 ten-
629 4286 865 4354 consumuntur,
892 4277 975 4355 quod
993 4279 1089 4337 iacere
1110 4277 1165 4336 de-

49 4363 105 4420 tari
117 4363 226 4443 coepit.
627 4361 700 4422 inde
726 4371 812 4422 tanta
847 4361 1028 4423 cadaverum
1055 4371 1166 4441 strages

89 4447 204 4509 Totum
221 4449 324 4510 locum
353 4447 586 4528 explansvimus,
627 4445 815 4529 prohibebat.
860 4447 1000 4510 ¹Flamma
1034 4447 1166 4509 vincitur
