2636 4998
363 403 437 475 ΑΙ)
465 399 770 476 BUCOLlcn
952 401 953 410 ’
1047 409 1121 482 261

40 589 119 666 orsit3
136 590 222 651 modo
236 609 270 649 ea
283 591 317 651 in
331 589 506 670 delphinum
520 592 607 652 binas
623 590 734 651 caudas
746 590 867 667 desinit3
889 591 965 652 nihil
979 593 1123 672 amplius5

38 675 101 733 nodo
119 675 286 736 intertextas
308 686 361 736 aut
377 677 567 738 intermixtae
593 686 664 736 sunt
686 696 795 735 canum
813 687 986 756 protensae,
1008 668 1124 738 ethaeo

38 760 126 836 qaid·
136 771 178 820 est
190 763 332 822 sollennia
343 764 449 839 forma,
468 773 504 823 ut
514 764 548 823 in
561 783 628 822 aere
644 762 774 821 maximo
789 763 931 822 Gordiani
942 761 1030 844 (Mus.
1042 764 1122 825 Flor.

38 847 76 903 bh
88 843 133 927 ts)
149 857 178 906 et
189 848 315 928 Pupieni
331 847 424 930 (utu.
439 850 520 909 mod.
536 849 680 910 Nurrism.
699 849 736 907 ll.
751 849 827 907 Gall.
841 849 900 908 tab.
914 848 969 931 25)
989 859 1020 908 et
1034 849 1123 910 simili

36 930 99 989 mdo
115 933 207 1012 Scylla
225 955 309 994 temo
335 935 453 994 sublato
473 936 567 994 ictum
580 935 732 994 intentans
742 933 774 992 in
792 933 915 992 denario
933 937 1015 994 Sext.
1031 935 1122 994 Pom-

35 1017 86 1094 peii,
103 1035 129 1076 r.
140 1038 164 1078 c.
181 1019 270 1079 Thes.
283 1019 400 1080 Mosell.
420 1022 550 1100 Pompei.
570 1029 592 1080 t.
607 1021 642 1096 11,
661 1015 871 1104 1.'cs.Spanh.
891 1019 929 1078 de
941 1019 977 1079 V.
994 1029 1025 1080 et
1039 1021 1071 1080 P.
1085 1021 1121 1081 N.

35 1103 83 1176 1-1,
99 1123 124 1181 p.
135 1108 196 1170 262
206 1127 217 1184 3
243 1115 275 1165 et
296 1106 447 1166 adiunctis
467 1106 545 1166 binis
571 1105 747 1186 corporibus
763 1105 923 1180 iuvenum,
944 1125 999 1184 per
1014 1125 1122 1166 canum

34 1207 100 1246 oum
109 1189 320 1269 implicitorum
335 1193 367 1251 in
381 1193 455 1252 Pict.
468 1193 590 1252 Hercul.
604 1193 688 1251 Tom.
705 1191 754 1265 III,
768 1199 789 1249 t.
807 1195 859 1254 21.
882 1200 913 1249 et
927 1209 988 1250 uno
1008 1191 1075 1250 viro
1090 1192 1122 1251 in

34 1293 113 1349 gemma
133 1296 177 1356 ap.
193 1275 327 1358 Lippert.
348 1279 378 1353 I,
401 1283 436 1354 1,
459 1281 530 1342 127.
558 1281 628 1342 128.
650 1297 697 1356 ap.
717 1277 814 1335 Tassie
832 1275 874 1355 pl.
896 1277 1009 1336 XXXI
1029 1285 1059 1334 et
1075 1298 1120 1357 ap.

35 1359 154 1420 Iicbbein
166 1365 287 1422 Homer
297 1367 330 1421 in
345 1363 559 1442 Zeiclmmsgen
581 1363 661 1420 nach
673 1362 803 1420 Anium
826 1363 896 1420 seso.
910 1361 959 1421 III.
1001 1363 1040 1421 Et
1053 1383 1122 1421 cum

33 1443 72 1518 b's,
87 1447 206 1508 mxime
227 1469 298 1508 cum
319 1450 403 1508 Sexti
421 1449 554 1528 Pompeii
575 1467 684 1526 numo,
715 1466 889 1526 comparare
901 1447 1001 1506 malim
1015 1457 1122 1526 poetae

33 1549 105 1590 tasas
116 1534 219 1593 collato
236 1535 308 1594 Silio
321 1536 357 1610 V,
372 1535 443 1600 135.
488 1535 539 1593 Est
553 1553 671 1620 quoque
684 1533 717 1592 in
734 1533 833 1592 numia
846 1531 1050 1592 Contorniatis
1065 1555 1120 1592 na-

32 1617 60 1674 ris
68 1617 163 1697 llyssis
175 1621 352 1678 imminente
367 1629 397 1678 et
408 1621 559 1684 sociemini
571 1639 667 1678 unum
680 1619 815 1699 rapiente
829 1619 941 1697 Scylla:
962 1618 999 1678 de
1012 1619 1121 1696 quibus

31 1721 49 1758 v.
64 1703 157 1764 Eckhel
178 1707 248 1766 Vol.
266 1705 344 1780 VIII,
367 1727 397 1786 p.
413 1707 486 1772 285.
530 1707 583 1765 Est
604 1714 705 1763 tamen
726 1705 814 1763 tertia
833 1704 958 1784 species,
981 1725 1039 1782 qua
1052 1705 1119 1764 alvo

29 1787 149 1850 ductae
167 1801 240 1850 sunt
262 1793 404 1868 utrinque
425 1791 502 1850 duae
525 1811 633 1850 canum
647 1800 803 1869 protomae
820 1792 849 1848 in
864 1809 955 1848 unam
972 1789 1120 1868 delphinis

30 1875 121 1934 undam
138 1886 290 1936 coeuntes.
331 1877 419 1938 Hanc
440 1877 566 1957 speciem
583 1875 675 1934 habet
694 1877 840 1935 numisma
857 1875 1119 1954 Agrigentinorum

29 1961 163 2042 aPnnnps
177 1965 381 2022 Torremuzna
395 1959 524 2044 (Opusc.
545 1963 578 2020 da·
591 1966 700 2021 Amori
715 1963 854 2020 ab'ice'liona'
868 1963 952 2020 Tom.
967 1961 1046 2036 XIV,
1057 1962 1118 2020 tab.

29 2045 123 2130 tlttv)
144 2050 279 2122 editum,
302 2049 384 2108 etin
404 2049 520 2106 Siciliae
540 2057 599 2107 vet
620 2047 708 2105 Num.
732 2048 792 2106 tab.
815 2048 843 2106 V
869 2047 1044 2126 repetitum,
1066 2047 1119 2106 ubi

28 2131 119 2192 duum
133 2135 215 2194 canis
229 2135 357 2194 alterum
370 2133 484 2214 hydrae
499 2143 557 2208 est,
580 2143 610 2192 et
623 2133 683 2190 iam
696 2142 779 2208 ante,
798 2153 906 2212 parum
921 2132 1039 2206 affabre,
1062 2132 1118 2191 ad-

27 2219 163 2280 umbratum
179 2242 197 2279 a
217 2221 377 2280 Pancratio
396 2221 416 2280 l.
432 2240 457 2278 c.
474 2240 529 2278 nec
544 2219 674 2278 multum
695 2219 811 2276 abludit
824 2239 876 2276 ara
895 2218 925 2276 in
940 2218 1116 2278 Winckehn.

28 2305 87 2363 llos
97 2308 169 2366 ised.
181 2327 234 2366 no.
249 2311 299 2370 37.
342 2305 445 2364 Plures
456 2305 571 2385 Scyllae
589 2305 699 2384 species
712 2324 773 2364 uno
786 2305 852 2362 loco
873 2303 1017 2382 expressit
1030 2305 1117 2360 Pan·

27 2395 81 2448 orzi
88 2389 241 2451 hatichdd
254 2392 398 2450 Siciliain
410 2411 440 2470 p.
453 2389 483 2454 ¹1.

82 2477 213 2557 Apoetis
230 2479 293 2536 lere
308 2495 396 2536 canes
419 2484 624 2535 memorantur
634 2519 643 2550 ,
670 2493 780 2551 eaeque
802 2491 890 2532 verae
909 2491 943 2530 ac
953 2479 1116 2532 terrestres.

25 2557 126 2622 Dubitari
138 2575 240 2624 tamen
253 2563 307 2622 rix
323 2571 436 2643 potest,
458 2582 525 2636 eos,
550 2561 602 2639 qui
618 2559 708 2640 primi
721 2557 852 2618 fabulam
871 2557 1029 2616 commenti
1038 2565 1116 2631 sunt,

26 2665 72 2704 cum
89 2649 122 2708 de
140 2659 280 2710 monstro
300 2649 416 2708 marino
432 2656 605 2720 narrarent,
627 2645 740 2703 belluas
753 2662 871 2722 quoque
885 2643 1011 2700 marinas
1023 2641 1049 2698 ei
1060 2641 1117 2699 ad·
1145 2671 1149 2686 ·

24 2731 129 2796 muso.
171 2737 270 2794 Etiam
284 2735 433 2792 Homerus
445 2733 465 2791 l.
478 2733 508 2807 I.,
531 2733 584 2791 ubi
602 2731 732 2810 Scyllam
746 2728 857 2786 exertis
873 2727 1018 2806 capitibus
1027 2745 1117 2805 prae-

24 2815 66 2876 tat
76 2821 112 2880 ait
126 2821 206 2880 circa
217 2819 376 2899 scopulum
391 2818 549 2896 aquatilia,
572 2809 729 2892 Δελφῑνᾶς
742 2837 773 2876 τε
789 2821 895 2871 narrat
907 2805 1005 2884 κύνας
1018 2833 1049 2872 τε
1065 2809 1117 2872 καὶ

24 2903 99 2968 aleon
117 2911 219 2984 μεῖζον
243 2905 327 2992 ἕλῃσι
354 2908 466 2982 Kaisar.
514 2901 669 2962 Probabile
694 2901 796 2976 itaque
824 2897 860 2956 fit
879 2897 915 2956 de
934 2895 1030 2975 phoca
1048 2915 1117 2954 eum

23 2991 145 3066 reptasse:
185 3012 276 3072 quam
304 2990 436 3050 vitulum
457 2989 606 3047 marinum
626 2987 685 3044 iam
700 2995 815 3045 veteres
833 2982 1035 3063 appellarunt,
1064 2983 1116 3059 qui

23 3073 75 3134 sier
85 3079 246 3136 etiamnum
260 3077 352 3134 modo
369 3077 454 3133 cunm
469 3073 559 3133 modo
574 3075 642 3149 lupi
658 3073 769 3129 marini
787 3069 907 3128 nomine
918 3067 1015 3142 venit,
1033 3067 1115 3144 pho-

21 3181 66 3218 om
84 3165 229 3240 pusillam
247 3163 333 3222 Linn.
356 3181 421 3218 eam
441 3157 546 3218 haberi
567 3158 667 3216 audio.
712 3157 829 3214 leonem
844 3163 875 3212 et
888 3153 1115 3230 descriptionem

22 3245 83 3306 tituli
98 3249 205 3308 marini
220 3247 322 3306 videas
344 3267 390 3326 ap.
407 3243 618 3304 hondeletium
634 3243 671 3300 de
683 3242 814 3300 Piscibus
827 3239 949 3298 marinis
966 3239 1017 3297 lib.
1035 3239 1114 3312 XVI,

21 3335 68 3394 tt.
94 3333 235 3394 biaiorem
245 3333 358 3392 horum
370 3329 592 3410 amphibiorum
605 3329 676 3392 olim
689 3329 720 3386 in
733 3326 948 3384 mediterraneo
964 3323 1039 3381 mari
1051 3323 1114 3381 fre-

21 3421 146 3488 quentiam
157 3421 246 3479 luisse
261 3427 395 3494 constat;
417 3416 456 3476 ad
472 3415 545 3474 fines
556 3415 683 3494 Aegypti
704 3413 836 3471 desertos
850 3417 935 3470 notas
949 3427 1053 3467 eorum
1065 3426 1113 3464 se-

21 3500 55 3556 det
72 3506 205 3566 novimus
225 3525 263 3564 ex
282 3503 390 3584 Odyss.
411 3503 446 3576 d,
467 3501 520 3559 ubi
535 3499 571 3558 de
585 3501 693 3558 Proteo
706 3499 817 3576 legitur.
861 3496 991 3556 Narrant
1004 3491 1113 3551 nostrie

20 3605 112 3666 quoque
134 3591 320 3670 temporibus
343 3607 452 3647 canum
470 3587 657 3644 marinorum
678 3585 754 3643 circa
772 3579 1013 3662 promontorium
1027 3575 1113 3653 Scyl-

20 3669 91 3732 lacum
112 3677 262 3754 ingentem
283 3674 413 3753 conspici
436 3673 571 3750 copiam,
599 3670 695 3730 multo
715 3669 805 3746 magis
822 3667 881 3724 hoc
898 3665 941 3722 ita
964 3681 994 3722 se
1008 3659 1114 3719 habuit

21 3761 213 3836 antiquioribus
227 3760 429 3840 temporibus,
452 3777 521 3816 cum
539 3765 569 3813 et
587 3753 775 3834 thynnorum
797 3750 921 3832 piscatio
936 3747 1014 3805 circa
1026 3745 1113 3823 Scyl-

21 3839 94 3903 lemm
103 3847 270 3906 belluarum
282 3847 409 3904 istarmn
421 3863 512 3922 opera
524 3843 737 3899 exerceretur*
752 3884 759 3898 .
794 3839 913 3896 Duxere
924 3848 1042 3909 quoque
1055 3829 1113 3889 viri

20 3925 80 3988 docti
93 3951 201 3991 nomen
213 3931 327 4010 Scyllae
340 3930 377 3988 ab
391 3929 511 4003 iisdem;
532 3937 577 3986 est
592 3926 670 3984 enim
687 3924 800 3996 σκυλαξ
808 3967 817 3996 ,
839 3915 973 3990 ancillor,
992 3910 1109 3976 ostilia.

83 4017 197 4076 Interea
219 4019 251 4076 in
272 4015 345 4076 artis
369 4014 481 4094 priscae
501 4012 657 4092 operibtu,
679 4031 742 4068 non
756 4007 846 4084 magis
859 4021 947 4082 quam
962 4001 993 4058 in
1007 4000 1111 4080 poetis,

19 4097 74 4158 *lite
86 4123 175 4180 quam
187 4123 275 4162 verae
296 4119 383 4161 canes
401 4117 556 4180 expressae
576 4117 637 4155 esse
655 4095 815 4164 videntur,
845 4089 949 4148 saltem
965 4095 1111 4164 quantum

44 4283 106 4336 'th
117 4287 211 4338 strabo
224 4285 274 4338 lib.
283 4289 303 4348 1,
316 4301 343 4354 p.
356 4281 392 4340 11
404 4300 442 4352 aq.
457 4283 535 4333 el’o-
578 4273 629 4341 οὓς
640 4277 688 4332 sul
702 4273 800 4344 gaules
814 4265 863 4326 sat
877 4263 965 4330 κύνας
983 4264 1113 4336 λέγεσθαί

20 4347 88 4412 1111οτ
113 4355 157 4423 qai
178 4367 261 4406 tanen
280 4371 362 4406 cmm
376 4353 409 4403 de
425 4349 477 4402 alio
490 4349 535 4418 pi·
578 4363 656 4418 φασι.
678 4345 760 4398 Etiam
768 4341 878 4408 Oppiae.
888 4333 1110 4401 notissimos.

21 4417 182 4490 “insuere
188 4423 300 4492 accepit:
312 4415 535 4490 vairpandans,
577 4419 630 4474 ³76
644 4432 727 4468 cartes
741 4421 766 4463 et
772 4411 877 4482 phocas
890 4407 1030 4476 fflsfinguit.
