2636 4998
388 413 463 490 AD
490 409 797 489 BUCOLICA
1075 409 1154 492 256

104 603 185 662 Cum
200 611 303 662 motus
317 601 425 661 mentis
446 603 559 682 magnis
577 603 711 664 sensibus
730 611 885 662 contactae
898 610 928 662 et
940 601 1153 682 phantasmata

39 689 112 748 annai
131 688 280 748 concitati
296 687 334 746 ab
350 696 483 748 aetatum
496 689 665 769 priscarum
675 685 847 749 hominibus
862 708 918 748 nec
938 689 1067 749 discerni
1081 691 1153 750 satis

39 777 100 834 ntea·
113 795 145 832 se
162 793 222 834 nec
239 773 280 834 ud
301 794 420 834 caussas
440 795 508 834 susa
520 785 642 854 possent
662 775 815 851 revocari,
838 774 971 854 adeoque
983 795 1084 835 neore
1097 795 1154 836 nec

38 861 140 920 nomine
155 861 273 920 notari:
296 859 336 918 ad
351 860 468 919 furores
479 860 523 920 illi
540 860 685 920 divininae
697 860 848 920 mentibus
861 860 1005 920 immissos
1019 862 1154 923 revocati

37 957 106 1022 sant,
128 946 228 1006 modo
239 945 393 1025 religiosos
404 946 494 1006 modo
510 947 665 1022 fatidicoa3
685 946 777 1006 tidem
788 947 938 1006 faciebant
957 947 1089 1028 opinioni
1101 967 1154 1006 ca*

37 1033 97 1090 brea
112 1032 291 1092 animorum
313 1041 345 1090 et
366 1032 484 1092 ferreres
501 1031 534 1090 in
549 1033 637 1112 orgiis
649 1031 801 1092 Baccbicis
822 1043 853 1094 et
865 1031 1000 1113 Phrygiis
1012 1053 1067 1113 per
1078 1031 1155 1093 cho-

37 1118 121 1178 rosacl
134 1136 283 1178 numeros
298 1118 464 1177 concitatos
483 1127 699 1198 tympanorum
722 1127 753 1178 et
769 1118 912 1178 tibiarum
925 1120 1040 1180 moveri
1060 1119 1154 1180 soliti:

37 1203 62 1262 de
77 1205 194 1283 quobus
216 1203 257 1262 ad
285 1204 386 1262 locum
400 1204 575 1280 'Strabonis‘
590 1205 642 1264 h'b.
663 1205 702 1264 X.
729 1204 917 1284 disputatum
939 1214 984 1264 est
1006 1205 1064 1264 alio
1087 1205 1154 1264 loco

37 1289 239 1370 (commentat
253 1290 360 1348 Societ
377 1289 448 1369 Reg.
460 1292 508 1350 Sc
522 1290 656 1370 Gotting.
669 1287 736 1351 Vol.
750 1289 850 1374 vlu).
881 1291 944 1349 Iam
963 1289 1039 1352 haec
1050 1291 1156 1349 eadem

37 1377 172 1436 nanalata
198 1394 260 1432 esse
282 1374 323 1434 ad
341 1383 442 1452 vetes,
474 1385 505 1435 et
528 1375 600 1436 inde
614 1377 653 1436 ad
666 1386 786 1456 poetas,
808 1385 885 1436 utet
901 1373 959 1457 ipsi
972 1377 1029 1437 deo
1042 1376 1156 1437 incale-

36 1483 116 1538 παπ,
139 1461 261 1537 sturm,
284 1463 450 1541 μαίνεσθαι
468 1471 666 1542 putarentur,
688 1471 760 1522 nota
773 1472 887 1522 rescat.
948 1479 950 1484 '

103 1565 195 1624 Inter
209 1563 295 1639 deos,
317 1563 370 1642 qui
380 1564 501 1624 vatibus
519 1574 550 1624 et
560 1565 658 1645 poetis
673 1565 791 1626 frarores
801 1565 972 1641 iniicerent,
1002 1561 1109 1643 Apollo
1124 1573 1156 1626 et
1207 1621 1210 1628 .

35 1651 123 1710 tuns
139 1671 219 1711 mox
231 1659 262 1708 et
279 1647 437 1730 Nymphae
452 1661 483 1709 et
503 1651 551 1710 alii
574 1651 615 1710 dii
634 1651 730 1710 habiti
752 1662 840 1728 sunt,
867 1660 934 1711 tum
953 1659 984 1709 et
998 1649 1154 1732 Bacchus,

36 1739 117 1814 quiet
131 1738 167 1796 in
182 1735 330 1816 Apollinis
347 1745 378 1794 et
390 1736 546 1796 Musarum
561 1739 745 1796 consortium
765 1757 800 1798 eo
817 1737 937 1798 nomine
951 1736 1044 1796 venit.
1087 1735 1155 1794 Non

35 1825 133 1882 umam
143 1824 251 1899 itaque
264 1822 299 1896 si,
322 1841 391 1880 cum
403 1822 453 1882 ille
470 1843 539 1882 suos
555 1825 678 1882 comites
693 1832 722 1880 et
732 1819 902 1898 θιασώτας,
925 1821 1061 1902 inprimis
1076 1821 1154 1881 Bao-

34 1909 107 1985 cbas,
130 1907 295 1967 Maenades
309 1906 381 1966 inde
402 1905 515 1984 dictae,
541 1908 810 1988 suroreimpleret,
839 1909 972 1969 Silenum
983 1908 1027 1966 ita
1045 1907 1155 1970 ἔνθεον

36 1995 107 2054 abeo
120 1993 282 2054 redditum
296 2011 358 2051 esse
371 1997 512 2072 μυθικοῖς
524 2002 690 2054 nan-arunt
703 2003 817 2076 poetae,
839 2003 876 2055 ut
887 2004 918 2054 et
927 1993 1153 2068 vaticinaretur,

35 2083 109 2140 uilia
121 2089 279 2154 moneret,
300 2077 425 2138 tandem
441 2089 472 2138 et
485 2088 591 2140 vatum
608 2100 692 2140 more
707 2089 844 2158 caneret;
870 2075 975 2160 itaque
990 2099 1025 2140 eo
1040 2079 1115 2140 deve

36 2175 87 2226 turn
107 2176 172 2240 est,
206 2175 242 2224 ut
261 2163 362 2224 Sileno
383 2165 592 2225 tribuerentur
615 2167 764 2242 carmina,
792 2165 916 2226 tandem
930 2099 1180 2246 disputationb

35 2253 168 2314 derebus
186 2249 319 2330 physicis
344 2270 379 2308 ac
396 2250 521 2310 divinis:
549 2251 709 2330 eomodo,
729 2253 783 2330 qui
797 2253 951 2333 expositam
965 2260 1010 2312 cst
1029 2270 1108 2310 ame
1121 2250 1155 2310 in

35 2347 206 2418 argumento
219 2335 310 2396 huius
324 2335 457 2418 Eclogae.
517 2335 519 2338 ’

108 2425 189 2483 Cum
214 2422 372 2496 semeles,
407 2441 484 2502 quae
502 2419 540 2481 de
558 2429 629 2481 vate
655 2420 841 2482 uaticinante
867 2423 985 2482 nan-ari
1009 2419 1155 2496 solebant,

34 2510 185 2571 nmstmt
200 2509 366 2588 coepissent
381 2508 421 2566 ad
435 2517 553 2588 poetass
574 2507 674 2566 Sileno
688 2507 833 2587 aVirgilio
849 2508 995 2568 tribuitur
1006 2505 1068 2566 hoc
1078 2525 1155 2584 quo-

35 2617 100 2673 qne,
122 2593 210 2676 quod
224 2593 458 2654 vaticinantium
480 2601 546 2652 erat
566 2593 739 2673 proprium,
761 2602 798 2654 ut
815 2613 877 2652 non
891 2593 948 2654 nisi
958 2592 1048 2665 inviti
1060 2601 1091 2650 et
1104 2609 1156 2650 re-

34 2681 177 2742 luctantes
196 2679 286 2740 deum
305 2679 475 2760 reciperent
480 2701 490 2756 3
519 2699 589 2738 nam
601 2678 718 2738 Silenus
732 2677 771 2738 ad
790 2679 922 2738 carmina
934 2699 989 2738 sua
1000 2673 1157 2736 recitanda

35 2789 88 2828 non
101 2767 160 2828 nisi
172 2766 289 2826 invitus
303 2765 419 2824 accedit
424 2787 433 2842 ;
453 2765 555 2843 itaque
572 2763 605 2824 vi
624 2773 736 2842 cogamt
752 2783 820 2824 eum
835 2764 952 2844 Satyri,
974 2772 1011 2822 ut
1026 2761 1096 2822 aiibi
1106 2761 1157 2820 ri-

35 2853 133 2914 demus
154 2851 301 2914 Proteum
319 2861 373 2911 aut
399 2849 540 2931 Pythiam
560 2849 601 2908 ad
620 2847 849 2910 raticinandum
874 2849 907 2912 vi
916 2847 1048 2908 'admota
1078 2845 1157 2926 cogi:

36 2959 88 3018 qua
101 2939 139 2998 de
150 2959 187 2998 re
200 2937 261 2997 vich
275 2937 358 2996 dicta
369 2935 409 2996 ad
421 2957 466 2996 vs.
480 2939 532 3002 28.

112 3040 268 3120 Adsuipai
290 3038 367 3100 haec
389 3039 422 3098 in
444 3039 536 3100 breve
558 3039 684 3100 collecta
708 3037 862 3098 incorum
881 3036 1026 3117 gratiam,
1049 3034 1158 3116 quibus

35 3125 101 3186 baec
114 3129 228 3206 scripta
241 3133 323 3186 sunt.
366 3125 461 3184 Poeta
473 3123 533 3186 hoc
543 3125 642 3206 ipsum
654 3123 835 3204 inlepidum
855 3122 998 3204 mythum
1013 3122 1157 3198 mutavit,

35 3235 99 3274 curn
112 3222 219 3276 naa-ret
236 3213 363 3291 Satyros
376 3211 459 3286 duo,
482 3211 670 3290 quidudum
691 3210 823 3272 cumina
843 3209 1055 3290 flagitaverant
1073 3229 1090 3268 a
1109 3208 1158 3268 si-

36 3299 114 3376 leno,
133 3301 166 3360 vi
185 3297 311 3358 tandem
325 3295 444 3376 adigere
457 3317 527 3358 eum
545 3297 675 3360 voluisse
689 3305 725 3359 ut
738 3305 873 3373 maeret,
894 3296 1041 3358 adientes
1061 3295 1158 3375 Nym·

35 3385 102 3464 pin.
136 3386 232 3446 Versa
250 3392 354 3442 tamen
365 3403 414 3442 res
424 3383 457 3444 in
475 3383 590 3458 lusum,
612 3402 681 3444 cum
696 3381 863 3442 et-corollis
877 3401 978 3448 aenens
995 3381 1157 3456 vincirent,

35 3481 66 3529 et
78 3469 214 3552 Nympha
224 3469 396 3550 procaciter
412 3469 475 3528 eins
489 3469 622 3530 frontem
634 3468 729 3530 rubro
742 3469 886 3548 pingeret.

116 3574 199 3634 later
219 3580 397 3652 argumenta
413 3591 539 3652 operum
557 3571 752 3649 antiquorum
770 3570 888 3632 nullum
908 3579 954 3630 cst
966 3567 1114 3648 copiosius
1127 3575 1159 3624 et

35 3659 210 3740 loosptetim
224 3657 379 3718 Bacchide
393 3659 481 3737 orgis
500 3667 531 3717 et
545 3657 669 3716 leuibus.
709 3657 813 3736 Satyri
828 3657 929 3734 itaque
940 3653 1087 3726 ludentes,
1110 3651 1158 3710 Si-

35 3745 120 3803 iuam
128 3745 312 3806 temulentus
324 3753 356 3802 et
368 3743 520 3817 Bacchae,
541 3741 572 3802 h.
585 3761 611 3802 e.
623 3740 779 3822 Nymphae
791 3761 862 3801 cum
874 3739 992 3801 Baccho
1005 3735 1159 3796 bacchan-

37 3839 87 3887 ω
105 3841 173 3892 sunt
191 3831 274 3890 inter
301 3849 353 3904 aa,
386 3829 421 3888 in
445 3829 555 3908 quibus
585 3827 714 3888 smfioss
740 3827 858 3906 ingenia
882 3831 1085 3886 exercuemnt
1109 3821 1160 3882 vel

38 3917 170 3978 manae.
213 3919 294 3975 Sunt
309 3931 430 3993 quoque
445 3915 476 3974 in
490 3913 538 3974 his
551 3916 628 3992 q'uae
641 3933 710 3972 cum
729 3923 835 3973 nostro
848 3911 979 3972 carmine
992 3909 1160 3989 comparari

36 4003 156 4080 possim
190 4002 308 4060 sunus
319 4000 467 4060 recubans
479 3991 600 4080 inpelle
616 3997 776 4074 satanan,
796 4007 867 4058 utre
878 3995 944 4056 vini
956 3994 1046 4076 pleno
1060 3995 1159 4070 nixus,

39 4088 130 4146 altera
141 4107 234 4148 manu
247 4085 428 4146 maumam
446 4087 602 4146 inversum
619 4093 724 4144 tenens
738 4081 803 4166 (qui
814 4093 916 4142 umen
929 4077 1038 4140 arnna
1052 4099 1160 4140 recen·

37 4173 113 4230 tiori
130 4175 270 4234 vitiatum
290 4193 424 4232 marmor
442 4171 588 4232 reficienti
603 4169 705 4230 deberi
714 4165 851 4251 videtur)
870 4167 905 4228 in
914 4165 988 4228 sitta
998 4166 1160 4228 budonisia

39 4259 146 4318 visitor
159 4261 283 4332 Romae,
305 4259 389 4318 caelo
405 4259 515 4336 passim
527 4275 694 4338 expressm.

126 4345 177 4404 Est
193 4345 307 4405 Silurus
320 4343 362 4404 ad
371 4345 511 4406 arborem
523 4343 686 4419 revinctus,
707 4342 818 4420 Satyro
829 4357 866 4398 ac
877 4335 1017 4428 Nympha
1028 4355 1160 4398 exoran-

38 4427 123 4486 tium
138 4433 228 4511 spade
245 4429 456 4508 adstantibus,
477 4431 511 4492 in
528 4449 642 4512 gemma
661 4428 804 4507 Lsppms·
820 4423 1010 4506 Dactytsbtlt.
1033 4423 1121 4485 Mitt.
1136 4421 1160 4499 1,
