2784 4988
306 413 477 490 ΤΟΜΙ
509 413 555 490 ll
580 413 735 490 EDIT.
761 413 990 491 PRIMAE
1107 439 1217 544 'xt111

76 599 180 678 ocris
235 599 438 683 Servium
471 615 650 678 aestuate
685 603 928 702 comparavi,
961 615 1049 678 tum
1075 604 1217 682 Ruhn-

74 703 197 800 kenii,
227 703 462 780 doctissimi
481 717 522 780 et
534 703 808 782 humanissimi
821 705 911 804 viri,
941 708 1101 784 monitu
1117 709 1218 784 exci-

74 819 171 883 tatus
202 807 368 886 lulium
397 810 670 910 Pomponium
699 809 908 902 Sabinum,
942 811 1010 912 qui
1035 824 1219 888 veterum

74 913 453 988 Grammaticorum
486 911 735 1012 fragmenta,
773 937 795 990 e
836 912 1019 1014 pleniore
1053 937 1218 1018 quoqne

75 1015 237 1114 Servio,
282 1014 485 1092 nonnulla
520 1018 695 1097 servavit
749 1019 783 1094 E
816 1019 961 1096 Donati
991 1019 1219 1116 grarnrnati-

75 1120 127 1194 cis
159 1131 203 1194 et
240 1118 464 1196 rhetoricis
496 1122 653 1219 argutiis
693 1133 828 1222 potest
861 1119 967 1197 forte
1002 1121 1116 1219 alius,
1149 1122 1218 1223 qui

75 1223 155 1298 otio
196 1221 409 1320 abundat,
441 1249 566 1325 pauca
600 1223 731 1304 adhuc
763 1223 917 1323 legere,
945 1216 1047 1326 qua'e
1072 1223 1218 1303 utilita-

76 1340 158 1402 tem
192 1325 405 1416 habeant3
449 1329 569 1404 etiem
605 1353 652 1406 ex
690 1327 878 1426 diligente
921 1329 1219 1429 comparatione

78 1429 357 1529 Anthologiae
396 1432 569 1510 Latinae.
628 1433 809 1508 Omnino
851 1430 975 1506 velim
1015 1431 1116 1511 mihi
1149 1430 1199 1506 eli

80 1559 203 1634 quem
235 1533 348 1630 dari,
376 1535 446 1634 qui
473 1559 495 1610 a
522 1534 604 1610 Silii
629 1534 766 1632 Italici,
792 1534 940 1615 Valerii
964 1533 1104 1632 Flacci,
1135 1537 1221 1610 Sta-
1252 1581 1255 1592 ·
1283 1578 1288 1586 ·

81 1637 120 1710 tii
147 1651 191 1712 et
226 1635 405 1731 Lucani,
439 1639 605 1714 Ausonii
658 1661 685 1714 e
721 1651 762 1714 et
798 1635 1003 1716 Claudiani
1046 1637 1220 1715 lectione

81 1763 224 1816 recens
239 1739 427 1816 studium
449 1765 567 1817 suum
585 1766 606 1818 a
652 1739 860 1840 Virgilium
886 1750 1108 1823 convertat!
1134 1765 1219 1818 non

85 1857 125 1918 ut
142 1841 217 1918 ille
241 1841 338 1920 loca
360 1843 503 1920 similia
522 1855 563 1922 et
582 1843 768 1946 parallela
785 1845 893 1920 inani
912 1870 955 1922 ac
975 1871 1074 1922 vana
1093 1845 1219 1922 ambi-

86 1947 196 2022 tione
228 1960 444 2045 congerat3
480 1972 622 2024 verum
651 1951 801 2026 Poetae
832 1947 908 2044 illi,
943 1973 1044 2052 quos
1065 1949 1116 2026 ad
1133 1951 1219 2028 Vir-

86 2047 225 2148 gilium
249 2073 296 2126 se
317 2050 589 2152 composuisse
610 2063 720 2134 totos
738 2049 996 2130 manifestum
1023 2065 1093 2151 est,
1121 2051 1219 2128 dum

87 2177 170 2228 non
201 2151 341 2230 modo
378 2155 420 2229 in
451 2156 673 2232 carminum
705 2155 861 2232 ratione
892 2169 932 2232 et
955 2155 1118 2254 ordine,
1149 2181 1219 2232 ve-

88 2282 178 2332 rum
204 2257 251 2331 in
268 2257 357 2358 ipsa
374 2278 540 2360 quoque
567 2257 815 2355 elocutione,
846 2259 887 2334 in
909 2259 1071 2357 singulis
1098 2261 1219 2336 versi-
1260 2259 1265 2270 ⁴

89 2359 162 2436 hus
188 2383 237 2436 ac
273 2357 433 2458 verbis,
475 2362 696 2462 exprimere
734 2386 828 2438 eum
863 2361 1066 2462 laborant,
1100 2387 1219 2466 saepe
1250 2412 1257 2432 κ

92 2463 469 2566 interpretationem
488 2463 674 2542 locorum
700 2465 1010 2564 Virgilianorum
1031 2467 1221 2568 suppedi-

92 2579 184 2646 tant
233 2566 339 2644 Mihi
372 2567 708 2670 acquiescendum
740 2567 818 2645 fuit
851 2569 893 2644 in
932 2568 997 2666 iis,
1030 2593 1133 2670 quae
1175 2595 1221 2646 ex

93 2669 257 2770 pristina
283 2668 457 2747 lectione
477 2673 672 2748 memoria
697 2673 900 2769 retineret,
929 2684 996 2748 aut
1016 2695 1118 2772 quae
1133 2697 1221 2772 pas-

93 2773 166 2850 sim
191 2773 237 2848 in
261 2773 508 2850 excutiendis
537 2774 635 2851 locis
667 2774 732 2852 vel
764 2774 1048 2875 interpretibus
1082 2797 1222 2852 occur-

94 2890 240 2956 herem.

195 3085 256 3162 Ut
280 3079 446 3158 tandem
467 3092 600 3183 poetae
624 3097 741 3159 artem
755 3111 803 3159 ae
821 3085 1024 3160 doctrinam
1045 3081 1223 3160 declara-

97 3207 203 3280 rem;
239 3209 334 3262 cum
360 3185 507 3285 ingenii
535 3197 574 3262 et
599 3183 769 3283 iudicii‚·
789 3207 870 3288 quo
898 3185 963 3264 ille
989 3185 1222 3285 celebratur,

97 3285 179 3364 laus
204 3313 255 3366 eu
280 3288 322 3364 in
349 3313 393 3364 re
421 3289 600 3390 inprimis
627 3289 816 3384 emineat3
842 3315 989 3368 vanum
1016 3293 1125 3368 enim
1152 3305 1222 3388 est,

98 3391 211 3494 quod
235 3389 387 3467 multos
421 3389 595 3468 iudicare
623 3391 778 3490 audias,
809 3408 973 3496 poetam
1000 3395 1135 3472 omnia
1161 3396 1223 3470 in·
1277 3435 1279 3440 ·

95 3497 237 3594 genio,
261 3493 363 3570 nihil
390 3497 486 3593 arti,
514 3493 717 3590 debuisse;
743 3496 1010 3597 investiganda
1037 3521 1123 3574 esse
1148 3521 1224 3598 pu-

97 3599 192 3696 tavi,
228 3621 333 3702 quae
360 3612 493 3676 essent
516 3599 582 3675 vel
615 3599 776 3676 inventa
810 3625 831 3676 a
862 3615 983 3703 poeta
1008 3600 1072 3678 vel
1098 3599 1225 3677 aliun-
1334 3615 1336 3619 ’

98 3701 167 3800 de,
204 3703 379 3779 maxime
416 3727 440 3779 e
475 3703 652 3798 Graecis,
695 3702 895 3802 translata,
937 3729 1030 3780 cum
1063 3705 1104 3780 in
1136 3716 1224 3780 toto

98 3819 337 3904 argumento
387 3819 428 3884 et
471 3805 635 3882 materia
678 3805 919 3908 singulisque
976 3808 1060 3882 eius
1102 3807 1225 3909 parti-

98 3908 196 4007 bus,
237 3923 325 3986 turn
368 3911 412 3986 in
456 3933 593 3985 rerum
632 3909 932 4012 verborumque
971 3911 1224 3988 ornamentis.

102 4015 205 4110 Quae
239 4039 304 4092 res
340 4037 440 4090 cum
467 4035 551 4088 non
577 4035 739 4114 semper
765 4026 860 4089 nota
888 4011 1015 4114 aliqua
1044 4039 1224 4092 commo-

103 4115 148 4193 de
184 4115 489 4224 comprehendi
530 4129 690 4217 posset,
729 4115 801 4192 sed
845 4117 886 4191 in
917 4113 1226 4219 disputationem

103 4222 219 4322 paullo
242 4221 488 4326 longiorem
515 4233 756 4297 excurreret:
787 4232 984 4320 praestare
1008 4221 1157 4323 putavi,
1182 4233 1228 4296 ut

100 4323 130 4406 in
147 4335 344 4412 &mm
374 4337 464 4426 post
495 4329 656 4422 angulus
687 4327 798 4400 libros
836 4329 984 4404 numos
1014 4325 1103 4401 talia
1136 4323 1227 4399 reii-

94 4457 219 4520 cerem.
