2710 4998
122 369 290 488 'nxnv
466 399 573 475 rin
611 399 690 476 ci.
723 397 958 474 nonem

132 611 149 664 fl
243 590 293 650 111.
315 587 433 662 Quibus
454 588 544 650 rebus
560 609 628 649 cum
646 598 716 649 ante
737 589 809 649 alios
830 587 979 649 eruditior
995 588 1182 668 peritiorque
1199 597 1287 663 esset,

157 695 187 736 se
202 678 234 738 in
247 675 359 735 Urbem
373 675 517 756 contulit,
539 675 719 754 statimque,
741 674 876 755 magistri
891 675 1002 735 stabuli
1016 693 1165 754 equorum
1179 673 1288 753 Augu-

157 763 197 824 sti
216 762 376 827 amicitiam
403 771 525 838 nactus,
554 761 665 822 multos
688 762 847 838 variosque
872 762 994 820 morbos
1014 761 1183 820 incidentes
1202 759 1290 838 equis

132 849 285 932 accrevit
327 846 368 904 At
387 847 438 906 ille
457 847 489 908 in
512 847 681 906 mercedem
700 847 821 926 siugulis
841 846 946 906 diebus
968 867 1058 926 panes
1079 846 1222 926 Virgilio,
1249 855 1290 904 ut

117 934 211 1002 louni
232 932 473 1008 ax'atabulan'is,
504 932 570 993 dari
589 933 683 992 iussit.
726 933 840 994 interea
859 933 1070 992 aCrotoniatis
1086 933 1189 1012 pullus
1207 931 1290 1008 equi,

157 1020 250 1080 mirae
261 1018 489 1100 pulcritudinis,
512 1019 628 1079 Caesari
645 1019 726 1090 dono
746 1020 804 1080 suit
819 1019 940 1078 missus:
961 1019 1013 1098 qui
1026 1018 1160 1078 omnium
1172 1017 1290 1076 iudicio

156 1127 239 1188 spem
252 1103 453 1186 portendebat
464 1104 588 1164 virtutis
608 1113 639 1163 et
652 1105 809 1164 celeritatis
819 1105 988 1165 immensae.
1030 1103 1122 1164 Hunc
1141 1125 1209 1166 cum
1228 1102 1290 1160 ad-

157 1193 302 1274 spexisset
318 1189 420 1266 ldaro,
451 1191 592 1270 magistro
619 1190 729 1250 stabuli
753 1190 845 1266 dixit,
873 1199 981 1250 natum
1003 1209 1065 1250 esse
1085 1210 1125 1250 ex
1145 1189 1290 1248 morbose

157 1299 251 1358 equa,
273 1288 304 1336 et
317 1296 373 1336 nec
389 1277 505 1338 viribus
526 1277 692 1336 valiturum
709 1297 765 1336 uec
785 1277 947 1336 celeritate:
969 1275 1060 1355 idque
1078 1296 1185 1337 verum
1197 1275 1292 1335 fnisse

156 1365 316 1424 incentum
338 1371 392 1423 est.
443 1362 536 1437 Quod
564 1383 632 1422 cum
661 1363 800 1442 magister
827 1361 1096 1442 stabulibugusto
1123 1361 1293 1432 recitasset,

117 1449 307 1531 llduplioari
328 1448 385 1529 ipsi
404 1449 436 1508 in
458 1448 625 1508 mercedem
643 1467 734 1528 panes
756 1448 853 1508 iussit.
896 1449 972 1507 Cum
990 1449 1061 1507 item
1081 1467 1119 1507 ex
1144 1448 1199 1506 llis
1221 1446 1292 1506 ania

157 1536 292 1616 Augruto
312 1553 401 1593 canes
423 1533 503 1594 dono
521 1535 731 1610 mitterentur,
759 1544 791 1593 et
810 1544 949 1614 parentes
973 1553 1078 1594 eorum
1091 1533 1172 1593 dixit
1214 1533 1293 1610 irgi-

156 1623 232 1698 lius,
255 1630 286 1680 et
300 1620 451 1694 animum,
473 1619 712 1698 celeritatemque
725 1621 870 1680 futuram.
914 1619 984 1694 Quo
1003 1619 1138 1698 cognito,
1163 1618 1294 1678 mandat

156 1708 269 1767 iterum
287 1705 408 1783 Virgilio
424 1725 514 1785 panes
530 1705 686 1786 duplicari.

13 1845 14 1848 ,
118 1793 151 1848 12
242 1791 292 1850 IV.
313 1789 471 1850 Dubitavit
491 1791 662 1870 Augustus,
691 1791 848 1852 Octaviine
870 1790 951 1852 filius
970 1799 1061 1864 esset,
1092 1809 1130 1848 an
1151 1789 1293 1849 alterius:

157 1876 249 1955 idque
266 1876 421 1936 Maronem
443 1877 559 1958 aperire
574 1895 670 1957 ,posse
692 1878 857 1938 arbitratus
876 1885 937 1952 est,
964 1876 1035 1955 quia
1052 1895 1163 1934 canum
1177 1885 1210 1934 et
1223 1876 1294 1954 equi

119 1967 301 2026 tanaturam
323 1971 521 2042 parentesque
541 1971 694 2042 cognorat.
743 1963 859 2022 Amatis
884 1963 977 2041 igitur
997 1961 1136 2021 omnibus
1157 1961 1294 2035 arbitris,

99 2061 101 2066 '
158 2049 245 2108 illum
258 2048 487 2128 iia-..penitiorcm
501 2059 619 2129 partem
633 2049 740 2108 domus
754 2057 859 2124 vocat,
882 2057 913 2106 et
924 2048 1022 2108 solum
1035 2056 1136 2126 rogat,
1159 2067 1200 2106 un
1216 2047 1297 2106 sciat

159 2135 297 2213 quisnam
312 2143 397 2210 esset,
418 2143 449 2192 et
461 2155 551 2213 quam
566 2135 605 2194 ad
616 2133 802 2194 felicitandos
817 2133 953 2194 homines
965 2133 1140 2192 facultatem
1153 2131 1295 2192 haberet.

119 2223 247 2280 14Νονί
255 2264 264 2294 ,
287 2219 388 2298 inquit
399 2219 504 2294 Maro,
526 2233 553 2278 te
570 2221 683 2278 Caesar
695 2222 847 2300 Auguste,
869 2219 1002 2300 etserme
1016 2241 1148 2298 aequam
1159 2239 1233 2276 cum
1247 2217 1296 2275 dis

160 2304 378 2364 immortalitas
395 2319 575 2384 potestatem
597 2303 723 2379 habere,
755 2319 806 2380 ut,
837 2327 925 2386 quem
946 2309 1009 2380 vis,
1029 2303 1292 2383 filicemsacs'aa.

161 2394 208 2451 Eo
222 2393 324 2450 anicio
345 2412 431 2466 sum,
456 2391 612 2471 respondit
627 2391 749 2466 Caesar,
773 2403 821 2466 ut,
843 2395 872 2450 ei
891 2411 993 2451 verum
1006 2411 1063 2466 pro
1077 2401 1190 2466 rogatu
1203 2390 1295 2448 dixe-

160 2481 221 2550 ris,
246 2475 366 2535 beatum
389 2490 416 2535 te
426 2475 610 2556 felicemque
630 2475 763 2534 reddam.
813 2477 955 2550 Uzittam,
987 2475 1028 2533 ait
1041 2474 1143 2550 Maro,
1166 2478 1297 2534 riumo-

120 2565 251 2643 15gauti
266 2561 320 2620 tibi
332 2583 402 2621 vera
416 2563 512 2622 dicere
525 2564 655 2643 queam!
678 2563 764 2620 Tunc
778 2559 942 2640 Augustus:
965 2563 1080 2619 Putant
1094 2562 1154 2618 alii
1168 2581 1218 2618 nse
1233 2583 1296 2619 ηα-

161 2661 224 2708 tum
252 2647 399 2707 Octavio:
429 2649 556 2728 quidum
574 2651 768 2728 suspicaretur
785 2648 847 2706 alio
870 2667 916 2704 me
932 2649 1069 2724 gentium
1087 2648 1161 2706 viro.
1205 2645 1296 2706 Maro

161 2733 336 2810 subridens,
359 2735 482 2809 Facile,
506 2734 622 2814 inquit,
651 2735 679 2793 si
701 2736 821 2810 impune
842 2734 1017 2811 licenterque
1037 2736 1233 2812 quassantia
1246 2736 1296 2792 lo-

70 2865 72 2870 .
161 2824 216 2900 qui
236 2819 339 2892 udas,
363 2821 398 2878 id
415 2820 527 2883 dicam.
573 2820 712 2880 Affirmat
736 2819 841 2877 Caesar
860 2817 1071 2894 iureiinando,
1092 2817 1215 2878 nullum
1231 2819 1297 2878 eius

162 2907 279 2966 dictum
300 2925 385 2986 aegre
406 2906 556 2983 laturum,
585 2907 677 2966 immo
696 2925 758 2964 non
783 2903 839 2964 uisi
859 2903 1005 2963 donatum
1027 2903 1066 2962 ab
1087 2921 1122 2962 co
1138 2903 1296 2964 discessu-

162 3057 186 3125 ς.
197 3059 241 3110 79.
258 3059 309 3108 los.
320 3057 485 3128 Scaliger-‚ad
498 3057 702 3110 CataleotaVir-
745 3057 837 3110 codice
854 3055 1016 3126 Guelpherb.
1034 3053 1219 3108 bibliothecae
1241 3057 1297 3108 Vi-

163 3125 287 3192 gilii„in
309 3125 379 3176 Cirin
436 3163 443 3177 .
474 3139 503 3178 et
525 3127 647 3180 Heinsius
669 3128 703 3178 de
745 3136 774 3178 ta
801 3125 908 3194 Virgilii
937 3135 993 3176 erat
1017 3115 1149 3194 prdeiixa,
1185 3126 1214 3177 in
1244 3145 1297 3194 qua

163 3197 258 3262 Satyra
272 3193 364 3246 Horat.
383 3195 403 3245 li
425 3197 480 3260 .n,
502 3215 528 3266 p.
542 3197 578 3250 98
591 3196 702 3248 etiams
745 3205 827 3266 poeta
842 3195 913 3264 apud
930 3195 1058 3266 Epidicum
1077 3203 1214 3246 oratorem
1236 3213 1297 3246 cum

164 3265 240 3314 Cestio
265 3263 374 3314 lasubro
399 3263 586 3334 philosophiae
604 3266 703 3334 Epicu·
745 3267 855 3318 Caesam
875 3270 992 3332 Augusto
1009 3263 1140 3315 studuisse
1158 3281 1298 3317 memora-

162 3348 225 3383 reae
240 3341 343 3398 gustum
364 3333 497 3403 accepisse
514 3333 618 3395 volunt3
637 3351 703 3386 con·
745 3345 795 3387 tur.
831 3339 898 3386 Saue
917 3333 1027 3402 Epidius
1040 3333 1223 3386 Antoniusne!
1238 3339 1298 3386 An-

162 3399 264 3453 ieetura
288 3419 320 3453 ex
341 3418 373 3453 eo
394 3403 488 3468 ducta,
513 3403 584 3473 quod
602 3402 646 3454 bio
666 3405 703 3456 M.
746 3413 848 3472 gustum
871 3403 992 3456 docuisse
1011 3421 1053 3472 ap.
1074 3407 1184 3456 Suetoa.
1206 3403 1298 3455 tradi-

163 3470 250 3524 Catiua
263 3471 396 3524 Miltiades
409 3473 533 3538 Insuber,
554 3482 581 3523 et
594 3491 626 3524 ex
638 3472 705 3542 Epi·
746 3484 791 3524 tur
803 3473 836 3524 dc
851 3473 961 3526 Rhetor.
975 3474 1020 3524 lV.

162 3559 225 3662 1οέιῖ1
227 3551 305 3662 uicta
318 3541 508 3664 philpsoppus,
532 3559 564 3594 eo
583 3553 705 3663 temppre
748 3543 822 3682 §gg
843 3543 950 3594 Relicta
968 3560 982 3592 e
999 3541 1088 3594 Phoco
1110 3542 1166 3594 vid.
1188 3541 1240 3594 int.
1264 3542 1297 3594 ad

192 3628 306 3663 eroum
320 3629 371 3662 vixi
454 3629 568 3663 eminere
582 3629 637 3664 eius
672 3631 704 3664 ic.
764 3649 771 3666 .
821 3649 828 3664 .
995 3647 999 3652 -

163 3680 197 3732 ad
217 3680 276 3732 llis.
298 3682 360 3746 XV,
387 3681 421 3736 16
434 3691 462 3733 et
481 3683 521 3736 19.
543 3683 637 3733 Horat.
650 3687 705 3734 Sat.
781 3682 902 3733 Ceterum
919 3697 972 3732 uon
986 3679 1123 3742 deliniam,
1142 3697 1177 3731 an
1199 3697 1299 3732 narra-

163 3751 196 3813 ll,
215 3749 288 3818 dpr.
313 3749 367 3803 Sed
379 3751 440 3803 ride
453 3751 571 3820 llayliurn
585 3752 704 3804 Diction.
746 3751 814 3802 tioni
832 3744 892 3802 huic
917 3751 951 3801 de
970 3749 1117 3802 medicinae
1137 3761 1166 3800 et
1185 3751 1298 3802 mathe-

163 3817 191 3869 h.
214 3837 238 3870 v.
263 3829 290 3870 et
310 3821 424 3874 Messon.
442 3822 505 3872 Vita
527 3822 620 3872 llorat.
644 3838 704 3889 pag.
746 3839 807 3872 sens
819 3820 913 3870 studiis
926 3820 1042 3871 Maronis
1059 3819 1161 3888 aliquid
1175 3820 1235 3871 veri
1253 3821 1299 3871 in-

161 3887 205 3940 28.
241 3889 281 3938 Μ.
295 3891 410 3941 Furium
427 3889 589 3944 Bibaculum
611 3900 705 3940 orato·
748 3889 792 3940 sit.
828 3888 922 3941 Videri
937 3901 1025 3957 potest
1045 3907 1077 3941 en
1097 3906 1156 3940 esse
1172 3890 1298 3960 prosecta

162 3973 218 4005 rem
231 3967 258 4006 et
269 3967 392 4025 poetam,
414 3961 485 4012 cuius
498 3977 587 4011 versus
603 3958 705 4027 aliquot
747 3959 928 4022 amonachia,
946 3959 991 4027 qui
1013 3958 1039 4010 in
1064 3959 1166 4010 artibus
1186 3959 1297 4010 mathe=

163 4027 269 4075 baeton.
281 4025 376 4078 recitat
388 4028 428 4080 lll.
443 4031 584 4082 Grammat.
600 4031 642 4091 11,
660 4027 704 4078 in·
746 4028 848 4079 maticis
870 4029 904 4078 ad
923 4023 1056 4096 γοήτειαν
1073 4027 1202 4081 adhibiti·
1216 4035 1245 4074 et
1271 4023 1296 4072 ln

163 4102 205 4143 ter
218 4091 324 4172 Vlfssffil
346 4105 374 4144 et
387 4099 452 4150 Vari
468 4098 609 4166 magistros
628 4107 703 4148 retu·
745 4097 875 4149 medicina
895 4115 1018 4148 summam
1037 4097 1166 4148 scientiae
1180 4091 1296 4160 positam

162 4160 220 4212 lere
241 4160 295 4212 alti·
312 4161 365 4214 vid·
381 4166 460 4216 Arisii
479 4167 606 4218 Cremona
626 4165 703 4216 litte-
745 4166 946 4218 arbitrabantur·

163 4239 222 4281 rata
242 4231 276 4281 Τ.
301 4232 328 4295 1,
346 4249 407 4301 pag.
430 4237 471 4290 17.
493 4237 537 4290 28.
572 4235 702 4302 Legerant
781 4236 804 4301 §.
818 4231 923 4286 8-18.
950 4228 1029 4280 Unde
1048 4226 1218 4296 ineptissima
1229 4247 1295 4282 nar-

164 4297 284 4350 nimirum
299 4299 487 4372 inllieronymi
500 4303 703 4356 ChromEuseb.
745 4302 815 4354 ratio
830 4298 1000 4368 profluxerit,
1028 4313 1105 4348 nemo
1119 4297 1201 4350 facile
1219 4317 1296 4352 aas&

164 4368 199 4419 ad
215 4367 317 4438 Olymp.
339 4373 404 4436 169,
424 4373 441 4427 3
465 4375 510 4440 (U.
533 4374 560 4424 C.
579 4373 641 4439 652)
663 4375 703 4423 M.
746 4381 856 4440 quatum
874 4368 1003 4420 uisiforte
1018 4384 1079 4420 cura
1094 4384 1232 4435 equorum,
1249 4387 1296 4421 ca-

162 4439 266 4491 Furius
273 4451 359 4510 poeta
373 4455 550 4512 cognomento
559 4439 705 4494 Bibaculus
747 4457 806 4508 auin
831 4450 857 4491 et
884 4437 1014 4507 pecudum
1034 4438 1133 4504 Georg.
1163 4439 1202 4490 ΙΙΙ
1224 4439 1294 4490 libro

163 4511 309 4560 &emanue
343 4512 476 4563 aarum.
526 4513 555 4562 ln
583 4509 705 4562 Gudiand
746 4508 846 4561 tradita
866 4525 947 4576 nugas
968 4507 1016 4558 has
1030 4507 1224 4561 monachorum
1236 4507 1296 4562 ani-
