2654 5000
322 1238 366 1324 r.
397 1239 450 1324 A.
485 1238 536 1326 o.
568 1177 851 1329 sponsu

56 1407 1117 1570 rnonsoonnua

552 1622 617 1674 AD

135 1744 414 1839 sammaa
442 1749 745 1844 Buconica
775 1721 1018 1842 maerin

39 2001 197 2112 Carmen
216 2036 462 2132 bucolicum,
489 2010 601 2140 quod
622 2038 875 2117 aTheocrito
901 2023 1050 2141 accepit
1077 2065 1141 2116 ex-

40 2135 182 2233 cultum,
225 2139 416 2239 Virgilius
436 2143 603 2218 mutavit
628 2156 667 2218 ct
692 2139 840 2218 inflexit
862 2143 931 2236 ita,
965 2157 1018 2220 -ut
1044 2167 1140 2219 cun-

38 2252 182 2318 rerteret
208 2244 252 2318 in
273 2269 345 2324 sua
363 2259 562 2346 tempora,
605 2269 706 2346 quae
728 2245 775 2321 ab
800 2247 845 2320 iis
868 2259 980 2322 erant
1002 2247 1139 2344 aliena,

40 2353 67 2414 et
86 2369 103 2416 a
118 2348 325 2444 pastoritio
350 2349 523 2426 carmine
540 2349 581 2424 in
598 2348 799 2450 plerisque
823 2351 1061 2446 argumentis
1075 2375 1139 2426 re·

40 2443 178 2542 cedens,
206 2448 261 2525 ad
284 2448 358 2528 alia
380 2475 526 2551 genera
550 2450 791 2544 deflecteret,
818 2451 868 2526 ad
892 2452 994 2552 qu'ae
1013 2451 1138 2528 buco-

40 2545 132 2628 licum
153 2577 320 2630 carmen
344 2569 426 2631 erat
452 2553 638 2656 proclive.
692 2561 774 2652 (d.)
813 2554 992 2630 Primum
1020 2554 1139 2648 enim,

40 2649 114 2728 dum
145 2657 325 2734 imitatur
348 2659 624 2752 Theocritum,
659 2682 761 2759 quae
790 2655 855 2732 hic
876 2655 1133 2731 dixeratsim-

39 2753 182 2854 pliciter,
207 2759 281 2836 ille
302 2761 469 2841 traduxit
489 2764 529 2836 in
555 2786 673 2836 suum
693 2785 812 2835 usum
843 2760 914 2850 ita,
947 2772 994 2834 ut
1018 2758 1139 2833 alium

39 2879 183 2959 ausum,
210 2862 322 2940 aliud
348 2865 557 2942 consilium
577 2866 624 2940 iis
647 2863 809 2938 subesse
830 2860 963 2952 vellet,
987 2885 1061 2963 per
1077 2886 1137 2936 ar-

39 2958 177 3040 tificium
199 2981 309 3044 tecte
331 2969 381 3044 ad
405 2968 602 3071 quaedam
624 2966 814 3057 alludens.
863 2965 964 3040 Hinc
990 2965 1137 3064 allego·
1242 2969 1246 2980 '

41 3063 96 3138 n'ca
117 3069 387 3172 interpretatio
413 3085 510 3152 orta.
563 3070 645 3146 Sed
666 3092 954 3170 saepenumero
978 3068 1135 3157 nonnisi

39 3189 200 3260 personas
234 3199 320 3250 esse
348 3171 449 3270 vult,
496 3197 592 3277 quas
615 3173 850 3262 introducit,
890 3196 973 3246 non
995 3187 1039 3250 ut
1061 3197 1136 3274 per

40 3279 144 3350 totum
174 3300 335 3353 carmen
362 3279 471 3381 quasi
504 3291 736 3378 personatos
765 3297 851 3352 sese
876 3289 941 3352 aut
965 3275 1061 3352 alios
1087 3277 1135 3350 si-

40 3385 111 3466 stat,
146 3379 217 3454 sed
245 3382 361 3457 itaut
381 3382 622 3483 plerumque
651 3383 696 3457 iis
717 3379 815 3456 haec
841 3377 906 3454 illa
929 3378 1133 3467 adscribat,

42 3498 119 3570 puae
147 3482 231 3558 sola
261 3483 312 3559 ad
336 3511 379 3562 se
410 3498 477 3560 aut
504 3483 625 3560 alium
654 3485 882 3586 quempiam
913 3482 966 3556 ita
991 3477 1134 3556 referri

43 3573 184 3680 debent,
224 3589 340 3664 utin
371 3589 510 3666 ceteris
541 3588 641 3664 nihil
666 3601 787 3676 restet
823 3585 874 3663 de
908 3597 1133 3684 personato,

44 3681 95 3756 sed
112 3711 171 3762 res
190 3690 329 3766 redeat
352 3692 402 3768 ad
422 3704 607 3792 pastores.
640 3697 708 3788 (2.)
733 3689 852 3791 Apud
875 3687 1132 3767 Theocritum

45 3787 140 3862 natira
167 3792 413 3893 simplicitas,
452 3795 573 3870 vitam
600 3792 855 3885 adumbrans,
900 3789 1024 3893 qualis
1051 3803 1131 3868 tam

48 3890 199 3999 antiquis,
228 3923 348 3998 quam
370 3897 582 3974 acrioribus
602 3895 850 3998 temporibus
870 3893 953 3970 fuit.
1005 3893 1130 3992 Virgi-

48 3981 100 4062 lus
120 4010 245 4074 autem
271 4003 437 4081 rusticos
458 4014 663 4102 totamque
688 4001 807 4076 vitam
830 4020 987 4088 eorum,
1028 3998 1130 4074 eius-

48 4109 105 4185 lue
123 4097 318 4198 ingenium
345 4117 384 4178 et
407 4101 587 4180 indolem
606 4128 691 4180 non
719 4102 768 4178 ad
790 4115 970 4176 naturam
990 4099 1129 4178 adum-

47 4187 161 4288 bravit;
186 4205 255 4280 sed
273 4207 554 4282 obversabatur
568 4209 701 4282 animo
721 4205 819 4289 artis
827 4201 1021 4305 quaedam
1037 4229 1129 4306 per-

50 4287 125 4374 lecta
142 4310 298 4408 species,
322 4310 373 4386 nd
392 4313 500 4386 cuius
518 4309 817 4414 similitudinem
835 4307 1127 4410 exprimendam

51 4401 158 4495 verba,
201 4435 331 4506 sensa,
380 4427 583 4515 totamque
614 4414 1126 4503 orationemconverteret.
