2784 4988
230 418 303 468 cxx
520 388 598 468 EX
635 389 1072 470 PRAEFATIONE

231 581 439 684 superiore
464 601 571 655 anno
596 577 723 670 edita;
757 577 831 654 nisi
853 576 965 679 quod
987 577 1087 654 mihi
1110 577 1241 657 multo
1263 601 1353 677 pau-

232 687 339 763 ciora
365 683 486 761 licere
512 684 656 784 putavi.
705 686 764 763 Ea
784 681 924 781 igitur,
952 701 1055 784 quae
1074 683 1229 758 nonita
1249 680 1298 756 ad
1313 681 1353 756 li-

233 787 402 892 quidum
418 785 611 894 perducta
631 807 716 892 esse
733 785 939 882 videbam,
963 798 1011 862 ut
1034 787 1174 887 quovis
1191 786 1353 887 pignore

233 891 480 970 contendere
502 915 686 992 possem,
717 889 770 966 ita
799 889 990 990 scripturn
1021 887 1144 965 luisse
1175 915 1196 965 a
1227 901 1353 990 poeta,

235 1009 318 1093 aut,
344 993 415 1072 ubi
428 991 639 1071 manifesta
654 993 821 1099 quidem
837 1005 941 1100 esset
956 989 1193 1094 corruptela,
1222 1017 1353 1069 emen-

236 1099 358 1177 dandi
374 1112 509 1175 tamen
523 1099 623 1174 ratio
641 1097 750 1174 haud
770 1121 869 1194 una,
896 1095 1039 1172 intacta
1053 1095 1283 1197 relinquere
1298 1119 1354 1170 ae-

233 1205 350 1307 quius
372 1227 458 1298 esse
485 1201 630 1281 censui.
681 1201 819 1282 lleieci
840 1195 940 1276 haec
968 1201 1010 1276 in
1031 1201 1262 1279 Variantem
1287 1203 1354 1275 Le-

234 1307 428 1402 ctionem,
463 1307 525 1382 cui
547 1327 746 1382 accessere
770 1329 863 1380 cum
885 1301 975 1402 alia,
1009 1304 1060 1391 in
1090 1301 1216 1405 praef.
1237 1303 1321 1382 Vol
1339 1305 1354 1378 l

235 1423 572 1508 commemorata,
605 1423 693 1485 turn
717 1406 940 1485 editionum
962 1405 1200 1483 Aldinarum
1217 1421 1258 1484 et
1270 1411 1354 1483 lun-

233 1517 340 1592 tinae
355 1513 559 1590 utilissima
577 1512 844 1613 comparati0‚
870 1509 989 1587 lectio
1005 1508 1093 1591 cod.
1116 1509 1277 1608 Erfurt.‚
1303 1511 1354 1588 in-

233 1619 454 1722 primisque
478 1617 657 1692 virorum
692 1615 907 1691 doctorum
939 1613 1302 1692 animadversiones
1322 1625 1355 1688 et

234 1721 562 1818 coniectationes‚
589 1717 749 1820 publice
768 1718 1033 1820 privatimque
1054 1717 1106 1794 ad
1123 1743 1193 1794 me
1206 1720 1354 1794 missae:

236 1849 282 1902 ex
296 1823 375 1900 hoc
392 1846 540 1922 genere
555 1823 687 1924 primo
702 1823 794 1899 loco
807 1828 859 1901 Io.
871 1827 1073 1900 Schraden‘
1088 1821 1262 1899 schedae
1275 1845 1353 1897 mss.

236 1926 615 2004 commemorandae
643 1925 744 2002 mihi
771 1940 883 2024 sunt,
921 1949 1138 2028 quaecum
1157 1931 1205 2006 V.
1232 1931 1273 2005 (l.
1294 1954 1354 2002 ruo

235 2039 372 2110 Samen
395 2027 574 2107 officiosa
609 2055 700 2105 cura
730 2029 870 2106 adme
904 2030 1196 2130 pervenissent,
1240 2032 1284 2106 iis
1311 2030 1354 2104 ita

234 2133 434 2210 utendum
450 2159 536 2210 esse
551 2131 737 2231 iudicari,
762 2145 827 2227 ut,
857 2157 958 2234 quae
978 2132 1114 2208 subtili
1129 2135 1203 2210 viri
1223 2133 1354 2210 doctis-

234 2239 323 2314 simi
348 2239 529 2314 acumine
552 2235 661 2312 haud
683 2235 844 2335 indigna
874 2249 1034 2334 essent‚¹
1060 2262 1171 2314 ame
1186 2261 1354 2339 appone-

234 2354 385 2420 rentur.
438 2341 758 2420 communicavit
775 2339 845 2416 alia
867 2364 1030 2416 mecum
1042 2345 1203 2418 Iacobus
1213 2349 1354 2439 Bryant,

233 2447 444 2522 Britannus
472 2442 768 2524 eruditissimus.
819 2441 928 2522 Nihil
948 2443 1114 2539 horum,
1149 2445 1264 2546 quod
1279 2444 1354 2546 qui-

236 2549 333 2626 dem
354 2549 565 2625 utilitatem
587 2547 760 2650 aliquam
788 2547 839 2624 ad
868 2560 1031 2648 poetam
1056 2547 1210 2626 habere
1239 2550 1355 2625 visum

237 2665 338 2749 erat,
364 2653 628 2730 interversum
642 2678 664 2728 a
677 2673 746 2727 me
762 2663 829 2730 aut
844 2647 1132 2727 dissimulatum
1151 2665 1222 2732 est
1266 2656 1354 2730 Cum

236 2770 371 2834 autern
388 2757 519 2834 omnis
532 2756 633 2832 haec
650 2780 774 2857 opera
790 2756 832 2830 in
849 2779 993 2830 eorum
1005 2756 1170 2854 gratiam
1186 2767 1354 2855 suscepta

236 2873 359 2958 essct,
388 2862 457 2962 qui
481 2859 710 2962 exemplum
732 2857 898 2960 aliquod
919 2881 991 2934 seu
1019 2859 1175 2936 criticae
1204 2859 1356 2936 rationis

235 2989 308 3040 seu
339 2964 676 3064 interpretationis
699 2961 924 3061 diligentius
952 2958 1078 3038 factae
1107 2977 1199 3040 ante
1232 2961 1356 3039 oculos

236 3066 413 3166 positum
434 3067 586 3143 habere
612 3068 795 3168 cupiunt,
828 3065 1049 3166 interposui
1069 3091 1178 3143 nunc
1201 3067 1356 3168 saepius,

237 3192 359 3270 qnam
378 3181 492 3244 antea
518 3167 668 3246 sactum
693 3183 794 3266 erat,
821 3168 1013 3245 iudicium
1031 3194 1193 3266 meum,
1228 3171 1357 3248 saltem

236 3269 378 3350 verho‘
422 3271 583 3350 Eodem
600 3273 766 3349 consilio
781 3274 1001 3349 innumeris
1017 3272 1113 3354 locis
1128 3297 1214 3351 non
1229 3297 1357 3352 emen-

237 3374 327 3466 davi
351 3373 499 3471 modo,
531 3399 676 3453 verum
700 3377 973 3479 antiquoque
997 3390 1037 3453 et
1054 3375 1293 3479 locupletavi
1306 3379 1357 3452 in-

102 3567 105 3574 *
236 3479 569 3581 terpretationem
580 3479 819 3578 subiectam,
846 3504 931 3556 non
947 3479 1076 3558 modo
1092 3493 1139 3558 ut
1151 3481 1253 3558 nihil
1267 3489 1358 3559 esset

238 3581 351 3686 quod
371 3583 589 3660 obscurum
616 3607 662 3660 ac
689 3581 854 3662 difficile
879 3582 1005 3662 videri
1026 3599 1164 3686 posset
1191 3587 1261 3684 iis,
1300 3581 1358 3686 qui

236 3686 386 3784 vulgari
417 3711 534 3764 more
566 3687 688 3764 verba
715 3700 861 3790 poetae
892 3688 935 3764 in
963 3701 1190 3766 transcursu
1219 3689 1359 3788 legunt,

237 3813 379 3867 verum
407 3790 537 3868 multo
564 3793 689 3890 magis
709 3805 756 3868 ut
785 3792 982 3889 erigerem
1009 3806 1050 3869 et
1079 3789 1358 3889 assuefacerem

238 3893 392 3970 animos
424 3895 648 3972 acutiorum
681 3893 731 3972 ad
759 3895 1113 3982 animadvertenda
1145 3897 1359 3986 innumera,

239 4021 342 4097 quae
359 3997 487 4074 modo
504 3999 546 4074 in
561 3998 737 4076 dictione
751 3997 878 4075 modo
896 4000 938 4075 in
957 4001 1163 4076 sententiis
1177 4013 1219 4077 et
1231 4020 1358 4076 rerum

239 4100 484 4199 expositione
498 4115 566 4178 aut
606 4101 777 4179 raeclara
790 4115 900 4200 sunt,
927 4117 995 4180 aut
1007 4103 1358 4205 reprehensionem

239 4200 461 4282 admittunt
514 4129 711 4285 Volebam
729 4203 893 4283 enimin
906 4205 980 4282 hac
995 4208 1127 4284 omnis
1141 4209 1358 4286 animorum

230 4306 469 4383 'intentionis
490 4309 726 4388 remissione
749 4321 790 4385 et
818 4307 897 4386 hoc
919 4312 1130 4388 severioris
1152 4311 1272 4388 studii
1294 4311 1360 4386 bo-

237 4433 380 4487 namm
405 4410 625 4490 litterarum
649 4411 854 4512 neglectu,
891 4437 974 4514 quo
996 4413 1221 4510 verendum
1244 4427 1358 4492 estne
