2656 5008
183 373 542 452 euonfflcon
567 375 672 452 n1u.
690 376 745 472 u,
776 380 991 458 178-88
1069 382 1145 458 488

31 561 122 654 Quis
138 558 270 654 color,
298 572 338 636 et
357 583 459 660 quae
473 559 522 634 sit
536 559 656 636 rebus
670 573 808 644 natum
821 559 1007 642 ferendis.

28 661 219 740 Difficiles
235 662 411 763 primum
427 675 572 760 terrae,
601 661 801 766 collesque
819 663 990 764 maligni,

30 767 176 842 Tenuis
190 765 262 842 ubi
279 763 410 863 argilla
426 779 465 841 et
479 765 656 842 dumosis
671 765 840 844 calculus
856 771 965 866 arvis,
1072 778 1146 849 180

28 869 195 944 Palladia
208 867 383 968 gaudent
396 867 490 944 silva
503 870 643 944 vivacis
657 869 793 948 olivae.

27 973 176 1048 Indicio
196 986 255 1048 est
269 985 394 1050 tractu
411 994 574 1069 surgens
591 969 759 1051 oleaster
774 972 921 1050 eodem

27 1075 243 1171 Plurimus,
270 1088 310 1150 et
322 1075 430 1150 strati
442 1075 571 1150 baccis
582 1075 824 1152 silvestribus
841 1077 930 1175 agri.

73 1205 160 1276 182.
190 1217 280 1292 esu,

55 1351 104 1404 178
131 1361 190 1402 aut
212 1369 283 1420 quae
301 1347 425 1401 Amndel.
451 1359 479 1400 et
505 1349 567 1401 edd.
589 1359 653 1401 vett.
676 1367 733 1402 eum
755 1349 834 1404 Goth.
857 1367 899 1419 pr.
942 1347 1066 1402 serendis
1083 1356 1146 1398 tres.

25 1420 149 1470 creandis
172 1435 240 1470 unua
255 1417 378 1470 arundel.
391 1415 519 1488 serendis
536 1418 578 1469 vel
593 1429 734 1487 propterea
748 1420 948 1489 praeferendum
964 1435 1021 1468 8888
1040 1416 1148 1468 videbat

25 1487 151 1550 Beiakiua,
170 1487 234 1556 quia
248 1505 273 1538 v.
290 1489 339 1542 195
356 1499 482 1540 armenta
496 1498 646 1556 sequnntur.
717 1491 768 1543 180
789 1487 950 1542 Tenuieubi
961 1486 1079 1558 argillae
1092 1486 1147 1538 du-

24 1559 99 1608 88818
119 1557 254 1608 calculus
272 1560 348 1608 88818
367 1556 467 1606 Probus
485 1561 551 1608 Arte
569 1559 707 1609 Grammat.
748 1559 800 1610 sed
815 1557 947 1626 vulgatum
963 1566 1051 1608 tuetur
1071 1553 1147 1605 etiam

24 1627 119 1678 Neuius
133 1623 282 1678 Marcellus
297 1625 323 1675 in
340 1627 439 1676 Tenue.
473 1643 558 1690 arva,
583 1644 651 1695 quae
666 1637 723 1678 eata
737 1637 896 1694 tuntarata,
921 1643 974 1676 non
994 1641 1073 1694 ponae
1089 1639 1147 1674 eaeo

24 1697 134 1747 (1188888
154 1696 270 1763 putabat
288 1694 423 1754 Reiakiua3
457 1694 546 1764 itaque
566 1695 736 1760 eouiiciebat,
764 1697 885 1748 dumo-tia
905 1693 1027 1748 8818111118
1047 1694 1146 1744 arteria.

23 1771 116 1818 18888
130 1775 163 1816 et
177 1774 270 1815 antiae
282 1771 342 1816 eunt
356 1759 481 1825 81181888
489 1802 498 1831 ,
520 1763 612 1818 areval
626 1761 719 1832 τόποι,
738 1767 900 1834 confragosa,
917 1763 1042 1830 abrupta,
1060 1777 1146 1826 curva,

24 1835 121 1886 8188888
137 1835 204 1886 1888
217 1833 335 1886 saltuum.
369 1833 483 1884 Eandem
504 1850 594 1884 vocem
609 1833 749 1902 Propertio
774 1837 897 1900 1,1,11.
920 1833 940 1896 l,
958 1835 984 1898 2,
1001 1833 1032 1886 11
1053 1832 1147 1882 obtru-

25 1905 98 1956 18881
111 1903 253 1972 Scaliger,
272 1921 286 1954 e
301 1903 402 1954 Gloaeie
415 1901 518 1954 Isidori.
553 1902 604 1954 Sed
618 1922 715 1954 arvum
727 1913 823 1972 poetae
836 1914 877 1954 eat
887 1918 1021 1954 commuue
1034 1900 1147 1952 omnium

23 1991 138 2040 agrorum
154 1989 264 2024 nomeu.
287 1972 347 2024 vide
360 1971 402 2022 vel
416 1973 448 2035 ll,
468 1973 526 2026 177.
581 1973 629 2025 181
668 1973 752 2024 audet
770 1973 864 2025 Medic.
883 1972 950 2024 und.
965 1969 1075 2024 8888111
1090 1987 1147 2022 cam

24 2043 94 2094 Goth.
110 2061 182 2106 sec„
195 2041 294 2093 scilicet
306 2041 367 2110 quia
379 2039 502 2092 88188188
515 2040 542 2090 iu
555 1993 788 2094 animulae-ebat.
824 2047 874 2111 (-
887 2043 945 2096 188.
959 2053 1000 2092 eat
1010 2039 1038 2090 in
1051 2039 1146 2090 Medic.

22 2113 157 2178 omiasmn,
186 2111 234 2162 aed
247 2110 470 2179 eupraaeriptum.
493 2109 564 2178 Wr.)
642 2111 693 2166 188
710 2107 991 2165 18888888888888
1009 2109 1083 2160 Leid.
1105 2125 1146 2178 pr.
1213 2159 1217 2168 ,

21 2273 50 2310 ac
69 2255 180 2313 virtus
198 2251 341 2328 maiusque
359 2250 414 2309 soli
428 2249 482 2325 eit,
505 2269 564 2327 qua
606 2250 747 2331 phraetue
769 2251 806 2310 da
826 2251 925 2311 Causa.
943 2252 1039 2310 Plant.
1057 2250 1095 2325 11,
1118 2253 1146 2312 1.

20 2341 215 2418 potissimum
248 2337 330 2396 valet
362 2333 566 2417 (Claudianus
608 2338 682 2396 Cato
697 2357 721 2395 8.
736 2341 772 2412 65
793 2355 887 2413 neque
897 2345 1053 2416 repugnat,
1064 2333 1148 2413 quod

20 2425 114 2500 11111,
143 2425 211 2487 178
246 2425 346 2481 Nosse
369 2423 427 2480 8811
453 2418 542 2503 vires)
552 2443 565 2494 ,·
609 2423 742 2482 olearum
756 2421 852 2480 cultui
868 2421 915 2482 alii
929 2423 1025 2482 solum
1038 2423 1147 2500 pingue

20 2515 82 2587 quis
107 2509 217 2582 color,
248 2507 335 2585 quale
363 2525 402 2566 ex
422 2505 567 2586 adspectu
610 2507 773 2585 adsignant.
807 2506 884 2566 Caeli
899 2507 977 2566 euim
994 2508 1147 2566 locorum-

20 2595 170 2654 iudicium
201 2592 266 2651 fieri
287 2591 396 2672 possit,
424 2601 567 2670 atquem
610 2613 668 2672 que
687 2591 803 2657 18118188
828 2611 864 2648 88
881 2592 955 2650 situs
977 2591 1045 2650 alibi
1064 2589 1147 2648 aliud

21 2691 167 2740 naturam
183 2697 236 2736 eeu
258 2678 428 2738 naturalem
442 2677 505 2735 vim
527 2675 566 2734 ad
607 2677 744 2738 suadent.
767 2675 1146 2750 81.Ρ118.Χ11,18,8.80.

20 2786 62 2824 ree
76 2763 229 2826 ferendae
252 2761 370 2822 habeat
394 2760 469 2844 (vid.
491 2779 567 2840 quae
609 2759 1147 2840 31.VirgiliuaderegionibueTrana-

20 2854 123 2911 881881
147 2849 192 2908 ad
215 2847 238 2923 1,
252 2852 280 2912 8.
306 2845 395 2929 Wr.)
439 2847 567 2906 Videtur
607 2847 733 2932 pedania
746 2847 905 2926 cogitabat,
921 2867 1067 2925 aquarum
1080 2845 1147 2904 elu-

19 2939 120 3016 ineqq.
130 2943 206 2994 ante
215 2931 460 2992 oualoehabuieee
470 2931 568 2992 Theo·
608 2935 667 2994 viei
681 2931 832 3009 obnoxiia5
845 2941 880 2994 ut
889 2933 965 2992 bene
977 2931 1146 2993 8181111188-

19 3018 566 3101 8111881.(1808888.Ρ1881.11,5816,
608 3019 699 3080 tinua
746 3022 815 3082 180.
843 3037 926 3098 ager,
955 3013 1076 3092 λεπτᾶς,
1097 3021 1147 3078 18-

18 3109 45 3167 18
60 3108 132 3168 aliia
145 3104 288 3185 Xenoph.
303 3105 414 3164 08888.
434 3125 497 3184 cap.
516 3107 565 3177 16,
608 3099 758 3187 πτόγειος,
789 3103 851 3164 eolo
871 3123 924 3163 eeu
944 3105 1080 3184 argilloso
1095 3122 1147 3162 eeu

17 3199 121 3272 tsqq.
136 3191 218 3252 cons.
238 3191 333 3250 Varro
352 3187 389 3249 ll.
403 3189 440 3250 R.
456 3190 478 3266 1,
494 3193 523 3254 9.
536 3197 566 3248 et
608 3211 725 3250 saxoso.
779 3192 887 3250 Tameia
907 3192 1022 3270 argilla
1042 3190 1147 3250 Servio

17 3279 144 3338 l'itruv.
161 3275 238 3350 Vlll,
255 3280 282 3340 1.
609 3276 834 3350 anahamon,
866 3279 939 3356 quia
959 3289 1002 3334 881
1023 3273 1075 3358 (ex
1089 3295 1146 3353 op-

60 3367 129 3428 179
144 3393 190 3408 -
205 3364 275 3424 188.
311 3361 415 3420 Solum
447 3359 566 3438 argilla·
608 3363 723 3442 posito,
745 3358 832 3444 puta)
855 3373 882 3419 et
901 3363 1038 3439 pinguis.
1082 3360 1148 3420 Sa·-

17 3470 109 3508 aeum
123 3457 158 3506 et
174 3443 567 3506 881881881888118888188-
608 3448 679 3508 lieet
697 3456 742 3506 eet
754 3447 855 3522 exilia,
877 3446 992 3522 ieiuna,
1014 3445 1147 3522 adeoque
1168 3509 1172 3516 Δ

17 3555 115 3594 neum
138 3531 222 3592 81818
253 3529 499 3612 temedifficilee
512 3550 568 3608 pa·
609 3533 672 3592 aine
685 3553 784 3610 88888,
805 3531 920 3591 sterilia.
966 3535 1036 3596 181.
1058 3533 1148 3590 8188-

17 3641 90 3680 rum
131 3619 262 3690 1888888,
305 3617 389 3696 quasi
424 3635 569 3692 morosae,
609 3621 653 3676 818
674 3619 780 3677 olivae.
809 3613 1147 3692 Plin.xv1,44,s.90

18 3723 152 3785 parcae,
174 3711 212 3762 ut
235 3710 340 3760 contra
348 3702 484 3780 facilen,
507 3701 569 3760 rer-
611 3705 815 3762 1188188888
836 3721 906 3780 ergo
925 3701 970 3760 ad
988 3701 1149 3760 vivendmn

18 3793 107 3866 tiles,
131 3788 220 3868 quasi
234 3787 382 3862 liberales,
404 3786 569 3846 munificae.
612 3789 708 3866 oleae,
730 3801 763 3846 81
784 3787 982 3866 quosdamve
995 3789 1084 3844 annia
1099 3785 1153 3844 00

10 3879 152 3954 fungum
171 3873 285 3954 facilis
314 3883 392 3932 lma
415 3871 569 3931 claudian.
611 3875 687 3932 einer
711 3885 843 3932 auctam
868 3873 1035 3930 conveniat.
1068 3871 1147 3930 conl.

18 3959 202 4036 XXIX,54.
223 3959 393 4036 Iunguntur
405 3957 494 4016 etiam
506 3959 570 4018 881-
612 3957 852 4038 Theophrastum
872 3955 909 4016 de
934 3957 1147 4018 (1888811881.

20 4049 64 4106 lea
86 4046 224 4122 maligni
242 4041 347 4100 eodem
368 4061 456 4101 sensu
479 4051 570 4102 8188-
611 4043 655 4119 II,
697 4045 744 4110 15.
779 4043 855 4102 Bist.
887 4041 983 4102 Plant.
1011 4043 1068 4118 IV,
1097 4043 1146 4109 15.

22 4142 131 4210 spectu
157 4128 199 4186 nd
226 4127 435 4186 liberalitatem
458 4128 566 4188 eoliae
611 4133 682 4194 182.
716 4129 862 4203 Oleuater,
893 4127 1028 4188 diversus
1046 4129 1083 4187 ab
1102 4149 1146 4208 eo,

21 4217 228 4276 fertilitatem:
257 4213 299 4272 818
328 4231 446 4290 quoque
471 4215 568 4272 aulum
610 4233 699 4292 quem
720 4235 774 4274 nos
803 4233 838 4272 88
865 4215 986 4274 nomine
1014 4215 1147 4294 appella-

22 4301 199 4378 bmignum·
223 4297 383 4373 cLBurm„
400 4297 451 4375 qui
465 4299 497 4356 in
510 4317 567 4357 no-
609 4319 685 4360 mua.
699 4298 761 4360 w'd.
774 4297 895 4358 Martin.
918 4301 1087 4378 Planum,
1111 4309 1148 4362 ut

21 4389 107 4444 tione
125 4382 262 4446 finienda
282 4383 418 4442 laborare
437 4383 567 4443 videtur.
612 4385 717 4464 Georg.
736 4385 764 4460 l,
782 4387 843 4448 187
865 4407 934 4444 cum
953 4389 1146 4464 88888818-

23 4467 569 4552 Praeoeptnmipeumilluelrat'lbea-
611 4474 689 4530 81888
716 4471 800 4529 silvie
828 4470 935 4530 Indua
968 4474 999 4530 18
1026 4473 1145 4551 florem.
