2652 5032
170 363 244 436 43⁸
412 360 453 434 P.
480 357 743 435 VIRGILII
767 357 1049 434 MARONIS

168 547 418 644 Excoquere‚
453 556 494 618 et
514 565 680 641 magnos
704 541 911 618 scrobibus
938 541 1149 618 concidere
1169 566 1279 618 mon-

168 751 270 826 Anta
288 748 485 848 supinatas
503 748 677 925 apolloni
692 659 906 828 ostiiiiderc
924 747 1078 847 glebas,
1210 653 1280 726 26⁰

170 855 300 946 Quam
318 851 468 927 laetum
485 851 526 926 in
545 851 656 927 odias
672 854 760 928 vitis
776 877 919 951 genus,
947 865 1114 952 optuma
1129 851 1231 951 putri

208 1042 262 1095 260
278 1041 447 1093 circumdare
458 1051 563 1094 montes
575 1042 715 1092 Romanus.
750 1055 778 1096 et
790 1039 886 1094 omittit
897 1043 993 1095 Medic.
1006 1041 1102 1106 Pierii,
1121 1039 1191 1110 quos
1204 1039 1284 1110 phre-

168 1109 215 1162 bat
232 1110 361 1173 Martius,
385 1112 429 1178 qui
446 1120 473 1162 et
486 1111 601 1162 malebat
621 1114 729 1182 magnis
750 1110 895 1164 scrobibus.
930 1113 1060 1164 Omissonr
1080 1124 1108 1162 ee
1124 1111 1152 1160 in
1166 1109 1226 1160 edit.
1238 1111 1284 1158 Cu-

167 1179 268 1247 ningh„
285 1180 357 1249 quod
366 1179 437 1231 idem
449 1179 560 1231 malebat
574 1181 645 1232 cmc
659 1179 693 1232 ad
705 1180 770 1232 Plio.
787 1183 836 1232 vu
851 1199 911 1250 epp.
926 1181 952 1235 4.
988 1181 1096 1234 Scilicet
1118 1179 1179 1250 qnia
1199 1179 1285 1246 alioqui

168 1247 197 1300 in
207 1248 288 1301 tertio
300 1251 416 1301 membro
425 1249 518 1318 copula
531 1250 694 1301 desideratur
702 1267 709 1300 ε
718 1256 793 1302 Ante
806 1252 1011 1322 supinumque.
1036 1253 1088 1300 Iac.
1096 1252 1197 1318 Bryant
1208 1263 1286 1298 acute:

168 1323 259 1388 Aeque
273 1321 419 1390 supinatas
434 1319 557 1400 aquiloni
571 1319 707 1380 emendat,
731 1320 802 1388 quod
817 1319 937 1390 equidem
951 1321 1108 1388 praeferam.
1140 1319 1212 1386 (tion
1224 1328 1286 1368 recto

169 1399 198 1439 st
211 1387 296 1439 omini
311 1387 415 1449 volout3
440 1389 492 1438 nd.
513 1391 545 1452 Q.
560 1389 594 1442 V.
613 1389 674 1452 XII,
694 1389 750 1452 1⁵.;
778 1400 805 1441 et
824 1389 852 1439 in
868 1390 947 1440 tertio
972 1390 1089 1440 membro
1104 1389 1140 1439 ob
1157 1388 1286 1454 reperiam

169 1469 251 1522 mre,
275 1457 309 1508 ds
328 1473 380 1526 quo
400 1456 451 1507 vid.
474 1457 529 1509 Eoi.
546 1459 566 1521 1,
583 1460 628 1512 70.
647 1460 727 1524 Noe,
748 1458 842 1526 copula
861 1475 915 1511 non
929 1459 1110 1520 desideratur,
1128 1467 1159 1508 ut
1179 1457 1244 1506 iutra
1254 1475 1286 1506 rs

168 1525 231 1580 294.
252 1543 302 1594 sq.:
331 1525 502 1594 „multosque
520 1537 647 1595 nepotes,
680 1527 788 1579 Mults
813 1528 896 1580 virum
922 1529 1031 1580 volvens
1052 1526 1176 1580 «luendo
1197 1525 1286 1576 notula

168 1594 276 1648 vinciu‘
298 1598 370 1664 Wr.)
405 1596 468 1648 (ium
482 1595 515 1646 sle
531 1597 642 1648 collibus
655 1607 763 1664 agatur,
781 1615 806 1647 m
865 1615 895 1649 os
908 1613 961 1648 non
978 1599 1047 1648 bene
1066 1595 1208 1647 memorari
1219 1612 1287 1645 mor-

130 1695 134 1722 ,
169 1673 209 1716 tes
231 1663 309 1716 facile
330 1665 436 1716 sentias.
470 1665 560 1717 Placet
577 1666 664 1734 itaque
681 1667 751 1736 quod
764 1669 890 1718 Marunus
906 1667 1034 1718 malebat:
1061 1667 1173 1736 magnis
1194 1663 1287 1715 scrobi-

171 1731 229 1784 bus.
253 1735 334 1802 (Bene
348 1753 470 1806 magnos.
505 1737 588 1798 Quam
603 1735 657 1786 late
673 1746 865 1805 pateatmous,
890 1745 973 1788 totum
992 1735 1132 1787 scrobibus
1154 1733 1286 1786 conciden-

169 1802 230 1854 donr
246 1803 377 1872 praecipit
399 1813 496 1874 poeta,
527 1821 576 1856 nec
602 1805 760 1873 percendum
779 1804 874 1856 labori.
899 1831 932 1845 —
958 1817 1066 1856 montes
1090 1803 1189 1856 Medic.
1224 1804 1285 1868 ll'rl

168 1873 219 1925 261
238 1873 386 1942 extendere
404 1875 501 1924 Moret.
521 1875 603 1938 ultor,
630 1874 706 1926 male.
739 1875 792 1927 vid.
811 1877 876 1926 Not.
952 1877 1007 1929 262
1025 1875 1132 1925 lateam
1153 1871 1251 1924 zulieln
1265 1883 1286 1922 et

168 1941 243 1992 Laid.
262 1941 329 1992 alter
350 1960 407 1994 curn
423 1943 508 1993 Goth.
526 1961 596 2010 seo,
612 1952 743 2012 perpetua
758 1943 915 2007 vulatione,
939 1943 1058 2014 inprimis
1072 1943 1101 1994 in
1120 1941 1184 1994 rite.
1206 1960 1230 1992 v.
1242 1943 1286 1992 Eri

170 2011 213 2073 ΠΙ,
230 2011 274 2063 88.
300 2010 401 2062 loetum
410 2010 454 2062 hic
467 2029 566 2064 verum.
601 2013 685 2064 Mults
698 2013 767 2064 enim
781 2013 945 2082 praecipiunt
957 2013 1035 2064 huius
1049 2011 1159 2064 sationis
1176 2021 1286 2062 sudores

169 2079 203 2131 ds
216 2079 338 2148 eligendo
352 2080 537 2133 fecundissimo
550 2091 578 2133 et
591 2082 776 2150 probatissimo
789 2083 880 2152 stirpis
893 2099 998 2152 genere.
1023 2082 1077 2134 riti.
1091 2082 1194 2134 (iulum.
1209 2083 1249 2146 ΙΙΙ,
1266 2083 1286 2134 fi

168 2227 357 2288 munierunt
377 2249 446 2288 cum
459 2227 522 2287 aliis
535 2228 709 2288 arboribus:
750 2251 803 2306 ra;
831 2231 983 2290 conabam
998 2228 1101 2308 fhssis
1125 2229 1288 2306 Aegyption

169 2313 205 2372 ci.
221 2313 296 2373 Plin.
312 2313 406 2390 XVII,
419 2337 441 2374 s.
465 2313 578 2391 1416,
602 2323 632 2373 et
644 2314 709 2394 pri-
752 2335 769 2374 e
783 2315 898 2376 Iustino
914 2315 956 2391 11,
976 2319 991 2378 1
1014 2313 1122 2374 laudat
1137 2315 1288 2372 burmann

169 2419 254 2458 mum
268 2399 390 2478 quidem
406 2401 443 2458 de
453 2400 611 2478 faciendis
629 2421 710 2459 scro-
753 2402 829 2460 Cum
859 2410 959 2460 autem
989 2401 1098 2458 vineae
1122 2400 1156 2458 in
1175 2399 1289 2458 collibm

167 2483 273 2556 bibam
297 2485 351 2544 sed
372 2505 462 2564 quam
479 2487 585 2566 pulcre
605 2493 636 2544 et
658 2505 711 2544 or·
751 2489 814 2546 sere
833 2487 1027 2566 plantentur,
1056 2497 1173 2544 montes
1185 2504 1289 2544 memo-

169 2579 240 2630 nate
257 2569 318 2630 hoo
338 2581 532 2652 praeceptum
551 2569 649 2630 tribus
663 2569 711 2630 his
752 2581 921 2652 ratperta.
970 2571 1057 2630 Facit
1081 2579 1185 2630 tamen
1207 2572 1289 2628 mira-

170 2655 306 2716 versibus
327 2658 440 2722 259-
454 2659 514 2721 261
539 2655 710 2736 proposuit!
752 2658 866 2716 tionem
881 2655 1039 2737 epitheton
1055 2677 1202 2734 magnos.
1224 2654 1288 2732 (na

170 2740 313 2802 Arbitror
330 2751 432 2802 autem
449 2749 519 2800 aute
532 2742 634 2800 ocrtlos
652 2739 711 2800 lra-
752 2743 788 2804 V.
804 2743 836 2803 L.
861 2741 944 2824 Wr.)
990 2741 1057 2801 alis
1070 2743 1153 2800 ratio
1179 2741 1288 2801 ridetur

169 2827 268 2886 buisse
292 2837 411 2906 poetam
431 2825 569 2906 Xenoplr.
598 2826 710 2888 Oecon.
752 2829 873 2888 iniriab
885 2828 959 2902 eliis,
981 2829 1218 2886 utmontessint
1231 2845 1287 2904 ege·

170 2933 235 2992 cap.
260 2913 345 2988 XVI,
361 2917 398 2976 11
424 2933 497 2992 sqq,
518 2911 710 2992 etheophr.
753 2915 793 2974 sti
818 2934 835 2972 e
856 2915 934 2974 losse
955 2913 1088 2972 colliculi
1110 2913 1182 2972 soli:
1221 2911 1288 2970 acsi

171 2997 209 3057 de
230 2997 330 3058 Csuss.
351 2999 447 3057 Plant.
469 2999 519 3074 III,
533 2998 564 3063 5.
607 2998 711 3058 lieri·
754 3009 848 3076 esset,
878 2997 1026 3060 excidere.
1046 2997 1288 3076 glebaesnpino-

170 3083 248 3142 tium
272 3084 393 3142 culture
426 3084 562 3164 inprimis
586 3083 712 3144 videndi
754 3097 817 3160 tae,
860 3094 944 3146 terra
978 3083 1132 3162 ligonibus
1172 3085 1287 3143 inversa

170 3167 323 3228 Columell.
335 3169 385 3230 lib.
397 3169 448 3228 111.
470 3171 604 3249 Geopon.
617 3169 711 3228 lib.V.
754 3171 892 3250 aquiloni
905 3169 1064 3244 osterrdere,
1089 3189 1247 3248 aporiare,
1260 3175 1287 3224 ut

170 3253 245 3314 Plin.
260 3255 353 3329 XVII,
366 3256 408 3320 85
423 3275 466 3333 aq.
509 3255 713 3314 Serendarum
753 3256 839 3315 ilanti
851 3255 972 3336 perviae
986 3255 1056 3314 sint.
1080 3253 1285 3332 ΗεαίοάἜῃ.

170 3331 279 3402 villum
300 3349 361 3399 ires
379 3347 451 3399 sunt
478 3340 575 3400 modi:
605 3349 659 3400 aut
679 3341 712 3406 in
754 3343 818 3406 612
840 3335 907 3404 τότε
937 3335 1054 3414 πάντας
1082 3335 1231 3420 cinidprne
1250 3337 1287 3398 oi-

170 3427 320 3508 pastinato
340 3421 425 3506 (agro
446 3425 478 3484 in
500 3435 599 3484 totum
621 3427 712 3502 fosso,
753 3428 827 3490 ααδε
856 3422 975 3507 βότρυς.
1010 3427 1118 3500 Δεῖξαι
1150 3421 1183 3488 si'
1207 3420 1286 3504 sicli·

71 3507 79 3524 ⁸
172 3531 310 3590 quomox
319 3512 500 3572 ferramento
514 3511 641 3587 bifurco,
655 3531 711 3590 pa·
754 3511 826 3574 δέκα
845 3507 877 3573 τ’
898 3509 1001 3592 ἤματα
1020 3509 1072 3572 sol
1090 3510 1166 3574 bino
1178 3507 1283 3580 νόιτας.

172 3598 284 3658 stinum
299 3597 425 3673 dicinu,
448 3597 588 3676 defigitur
603 3617 712 3658 surcu-
753 3597 917 3656 Nemesion
932 3597 1041 3676 eyneg.
1056 3599 1122 3660 208
1142 3597 1285 3674 opusque

172 3684 231 3766 lus)
256 3693 310 3744 aut
331 3683 459 3742 insulso
476 3683 574 3741 autin
593 3683 712 3742 scrobes
754 3681 901 3742 osmzdm
933 3682 1011 3740 soli:
1050 3680 1136 3741 bunc
1164 3693 1195 3742 et
1220 3685 1285 3738 sut

172 3769 246 3830 Plin.
260 3771 280 3830 l.
294 3769 373 3844 135,
384 3774 414 3833 7.
426 3769 543 3828 Colum.
556 3768 606 3843 ΙΠ,
624 3771 711 3842 13‚1.
752 3767 846 3828 Theb.
873 3768 927 3844 vt,
955 3771 998 3830 90
1039 3768 1123 3826 ineos
1151 3767 1285 3827 manain

172 3853 284 3915 Pallad.
306 3855 349 3930 II,
378 3859 417 3918 10
435 3874 481 3932 pr.
524 3855 709 3932 Exooquere,
754 3852 896 3928 Phoebo,
937 3853 998 3912 ism
1025 3852 1166 3912 laudarit
1194 3854 1283 3912 Burn

172 3939 311 4016 πέατειν,
339 3941 514 4014 πεπαίνειν,
550 3958 712 4014 macerare,
753 3939 868 3999 Habuit
894 3938 984 3998 etism
1014 3936 1099 3998 hunc
1135 3935 1282 3998 locarmin

173 4023 305 4104 adeoque
322 4023 549 4104 excoquendum
564 4023 654 4100 doro,
675 4033 713 4083 ut
754 4025 978 4084 rnimoColum.
990 4023 1188 4098 nrt—⁷6.
1201 4025 1282 4081 Ceru-

172 4111 364 4172 burmannus
387 4112 462 4171 bene
484 4119 603 4185 monet,
632 4109 711 4186 sole,
754 4131 817 4171 ssm
838 4109 987 4188 coquendi
1007 4109 1063 4168 soli
1093 4111 1203 4190 apponi
1220 4115 1282 4188 puta

172 4195 255 4273 gelu,
289 4197 420 4276 pruinis:
456 4205 493 4256 ut
519 4215 566 4276 ap.
596 4195 711 4254 Colum.
753 4217 813 4257 vss.
827 4201 900 4260 262.
915 4200 989 4260 263.
1010 4195 1087 4254 Nam
1102 4195 1229 4276 optimus
1240 4191 1281 4250 vi·

173 4279 227 4356 xl,
244 4285 274 4356 8,
295 4285 344 4344 15.
380 4281 712 4340 lamconcisic'muster-
753 4281 963 4341 neisserend'u
983 4299 1054 4360 ager
1067 4285 1279 4358 puniisseurt-

73 4405 79 4416 ι
172 4387 239 4422 ram
251 4363 409 4440 scrobibus,
430 4367 503 4426 dum
512 4367 631 4426 scrobes
645 4385 712 4424 cre-
754 4368 870 4427 solutus
900 4377 931 4426 et
953 4376 1039 4426 tener
1071 4375 1132 4443 est5
1166 4365 1223 4424 vici
1247 4361 1278 4420 ad

173 4447 244 4508 bros
258 4448 398 4523 iacimus,
421 4451 581 4512 incidimus
601 4451 634 4511 in
645 4445 710 4512 teoss
753 4474 783 4516 r.
796 4451 879 4529 2043
902 4454 1002 4530 pruris
1019 4461 1120 4511 autem
1137 4451 1174 4511 fit
1183 4447 1275 4516 rufis
