2652 5032
175 385 739 482 GEORGIGONLIB.11‚
766 391 955 464 98-101
1063 393 1137 468 411

42 573 238 674 Arffl’tisque
250 573 403 670 minor,
431 575 493 650 cui
510 597 594 648 non
610 573 816 647 certaverit
827 571 911 648 ulla

42 683 102 754 lut
134 689 286 755 tantum
316 675 463 771 fluere,
506 689 573 754 aut
602 675 773 751 tolidem
803 674 945 754 durare
974 700 1048 778 per
1070 701 1140 752 an·
1176 763 1180 776 „

41 887 113 958 Non
127 904 200 981 ego
218 895 280 981 te,
310 882 370 958 dis
387 893 428 958 ct
440 802 771 984 mensisliiliepta
783 879 979 978 secundis,
1028 853 1030 858 ι
1064 787 1139 860 100

41 1071 210 1136 alumen,
233 1089 285 1142 pro
303 1069 400 1125 viauae
419 1072 446 1123 in
462 1069 495 1122 iis
511 1071 587 1122 cultis
605 1069 710 1138 poetice
725 1068 801 1138 poai3
825 1069 905 1138 idque
919 1078 993 1121 tauto
1005 1071 1140 1138 probatius

40 1140 82 1190 leri
94 1142 227 1210 putabam,
252 1141 373 1212 qnoniam
386 1141 496 1194 Tmolus
514 1150 571 1194 erat
589 1158 683 1192 numen
695 1139 797 1191 montis.
821 1139 1012 1192 novioma.
1027 1139 1140 1204 x1‚159
1174 1203 1177 1210 Ι

41 1211 95 1260 esd.
106 1229 205 1262 numum
217 1212 412 1276 ssrdisnorum,
429 1210 473 1292 qui
486 1211 556 1280 apud
568 1209 664 1263 multos
678 1209 783 1272 visitnr3
801 1227 826 1260 v.
834 1226 903 1262 nnnc
916 1208 1024 1272 Eclhel
1032 1209 1142 1262 Doctri-

39 1295 62 1328 na
72 1281 138 1332 Num.
150 1280 213 1334 Vol.
227 1283 271 1346 lll,
289 1300 315 1352 p.
331 1283 381 1336 113
399 1292 481 1350 quiet
494 1300 521 1350 p.
535 1281 585 1334 123
598 1279 756 1332 rarissimum
778 1297 882 1330 numum
895 1277 967 1330 urbis
982 1279 1070 1330 Tmoli
1091 1297 1140 1332 co-

40 1347 82 1399 len
92 1349 171 1419 capite
182 1349 311 1420 insignem
324 1359 464 1412 memorem
489 1347 603 1402 occurrit
616 1366 719 1419 quoque
731 1347 821 1400 Tmoli
835 1357 913 1416 capnt
929 1347 956 1398 in
970 1347 1140 1402 mamoribus

40 1427 59 1466 ο
69 1419 179 1484 gemmis3
199 1438 246 1472 eos
260 1431 364 1485 autem,
391 1419 435 1489 qni
447 1429 531 1471 metro
545 1421 710 1484 metuebant,
727 1435 777 1470 nec
791 1417 869 1470 sibilo
883 1417 1010 1485 geminari
1023 1417 1141 1470 litteram

39 1485 152 1554 sidebant,
175 1490 350 1559 interpolasse
368 1489 397 1540 id
416 1489 495 1541 modo
519 1489 630 1540 Tmolus
647 1501 689 1553 st,
718 1488 797 1540 modo
822 1488 959 1551 Tmolius,
984 1489 1054 1539 conf.
1076 1490 1139 1541 Vnt.

39 1555 93 1606 laecc
106 1557 136 1609 ad
148 1577 172 1608 v.
185 1562 229 1613 71.
264 1561 341 1612 Nunc
354 1557 420 1610 mihi
431 1557 593 1628 probabssius
605 1557 720 1622 videtur,
737 1559 863 1626 scriptum
875 1557 956 1608 luisse
970 1557 1003 1608 ab
1015 1557 1140 1610 Marone:

42 1627 129 1708 Tmolus
141 1639 169 1680 et
182 1629 329 1700 adsurgis,
348 1627 475 1682 excidisse
487 1637 581 1697 postea
593 1641 636 1691 et,
653 1643 762 1696 cumque
777 1627 867 1680 viliam
881 1625 1139 1709 animadverteretur,
1170 1635 1185 1646 ‘'

39 1699 406 1832 1111311111
425 1698 538 1836 gagg
540 1695 1139 1836 1131131111111111111111

39 1833 164 1887 lamella.
181 1835 317 1889 Palmsnn.
352 1836 454 1889 Adhuc
477 1836 567 1906 imque
579 1835 664 1888 redii:
683 1836 781 1888 etenim
801 1836 929 1888 radonem
943 1835 1037 1901 habet,
1060 1853 1140 1888 mon-

39 1913 66 1952 us
79 1905 134 1970 poni
147 1923 198 1974 pro
212 1906 323 1958 vitibus:
346 1905 454 1960 Tmolus
460 1943 468 1970 ‚
487 1915 514 1957 et
535 1905 593 1973 ipse
606 1907 754 1970 Phanaeus,
777 1923 825 1958 rex
843 1905 1028 1958 intermontes
1048 1905 1140 1958 vitife-

38 1987 76 2022 τοο
104 1974 177 2026 Silius
190 1977 251 2040 vn,
268 1979 321 2031 210
333 1975 477 2044 respiciens
490 1975 560 2026 hunc
575 1971 678 2040 locum,
695 1974 740 2028 nbi
755 1974 789 2028 de
804 1985 891 2027 tractu
904 1974 1031 2028 Massico:
1057 1988 1140 2046 acque

39 2058 62 2090 ss
75 2043 116 2094 illa
136 2055 259 2117 tempore
279 2046 357 2098 dives
375 2046 486 2097 Tmolum
508 2057 537 2096 ss
557 2042 700 2098 ambrosiis
713 2047 829 2098 Ariusia
839 2045 942 2118 pocula
961 2047 1056 2097 succis.
1097 2049 1139 2098 Ac

38 2111 275 2235 Nedymnustros
304 2113 418 2167 lacubus
435 2132 541 2166 cessere
559 2115 695 2168 Falernis.
736 2119 867 2167 Favenus
885 2112 993 2166 Vratisl.
1033 2114 1139 2182 (Medic.

38 2179 128 2246 dolius,
146 2200 175 2234 se
208 2183 318 2252 appicta
334 2187 364 2236 T.
399 2183 506 2236 Retinui
519 2183 637 2236 codicum
650 2183 790 2238 lectionem
807 2185 941 2247 lucullus,
959 2200 1026 2252 qnae
1041 2183 1140 2254 duplici

38 2249 95 2300 nodo
106 2251 232 2321 explicari
269 2263 351 2318 otest,
368 2263 397 2304 ut
418 2265 462 2304 sut
474 2270 552 2304 mons
568 2252 791 2322 subintelligatur,
809 2251 1024 2322 quemadmodum
1037 2253 1064 2304 in
1082 2253 1138 2304 his:

37 2323 183 2388 saratinus,
202 2325 231 2374 P
258 2325 366 2386 minus,
385 2322 552 2390 Quirinalis,
571 2325 788 2375 occansonem
801 2322 880 2374 modo
896 2321 994 2372 dictum
1008 2321 1051 2386 sit,
1068 2323 1140 2390 apud

37 2401 84 2454 quos
99 2391 159 2444 talis
178 2391 403 2460 frequentissima:
427 2393 516 2457 Χῖος,
539 2385 674 2510 dicetne,
701 2387 861 2460 Πράμνιος,
888 2401 938 2442 cet.
954 2391 1138 2444 subintellecto

38 2455 172 2512 absonum
189 2453 278 2522 cisoa.
312 2461 396 2526 Vide,
421 2459 444 2512 si
466 2459 567 2527 placet,
616 2461 682 2513 amb.
696 2462 768 2513 Bosii
787 2461 879 2530 Ellips.
895 2461 940 2542 (Jr.
962 2479 989 2529 p.
1008 2461 1068 2518 347.
1081 2479 1138 2532 sqq.

37 2523 66 2576 ed.
78 2528 173 2582 achsaf.
193 2569 212 2596 „
220 2530 347 2582 Similiter
355 2535 379 2594 ,“
398 2529 435 2581 ait
450 2529 599 2595 Wunderl„
618 2530 669 2594 „in
685 2530 832 2582 nominibus
846 2547 955 2582 marsum
970 2547 1023 2582 non
1036 2548 1139 2600 semper
1249 2583 1253 2591 ,

37 2605 148 2664 flmh'am,
172 2599 234 2651 ‘sed
263 2609 291 2650 et
310 2597 478 2654 mascnlinum
498 2615 545 2650 usu
580 2599 619 2652 ari
639 2599 730 2665 vides,
761 2605 804 2652 As
823 2618 904 2664 acus,
935 2601 1040 2652 Ionius.
1076 2597 1138 2652 Vid.

37 2663 288 2722 llciucckdnimsdv.
307 2668 405 2722 insat.
425 2671 521 2738 luv.p.
574 2680 625 2720 .ct
640 2671 792 2722 Passooua
825 2669 897 2720 l’crs.
910 2687 936 2738 p.
949 2671 1028 2724 219.‘⁴
1063 2669 1138 2722 Prius

37 2731 67 2783 dli
82 2754 137 2789 scos
149 2757 235 2808 genus
250 2755 357 2806 prorsus
371 2737 404 2792 ab
418 2737 445 2790 h.
459 2737 479 2792 l.
491 2737 618 2800 alienom3
635 2739 753 2808 ineptam
765 2748 804 2790 cst
819 2737 896 2802 enim,
913 2755 990 2807 quum
1004 2739 1140 2808 proprium

36 2754 134 2860 sillaim
143 2808 243 2862 montis
254 2826 349 2860 nomen
365 2807 483 2872 Tmolus,
501 2807 657 2860 adiectivum
671 2827 721 2877 pro
735 2825 767 2860 eo
781 2823 890 2876 ponere.
924 2807 1039 2860 Alteram
1053 2819 1139 2860 autern

38 2871 119 2940 ellipsin
146 2878 169 2930 si
191 2877 327 2943 admittes,
371 2895 419 2930 uae
438 2895 500 2928 sane
520 2877 695 2942 admittenda,
725 2875 853 2946 Virgilius
873 2877 1000 2928 Graccum
1026 2877 1139 2948 aliquem

37 2955 119 3008 ροοῑοοι
143 2947 306 3016 expressisse
327 2895 468 2999 videbitur.
509 2947 597 3016 anue
618 2947 687 3000 ratio
709 2948 822 2998 sortasse
847 2963 878 2998 οο
906 2945 1003 2998 firmari
1030 2948 1138 3018 poterit,

36 3013 87 3096 qffod
97 3017 202 3070 Graecis
216 3017 306 3086 magis,
326 3035 401 3100 quam
413 3015 546 3080 Romanis,
564 3017 702 3070 convenire
715 3017 818 3068 videtur
835 3015 894 3068 talis
912 3015 993 3068 dictio
1009 3013 1139 3086 βασιλεὺς

36 3093 107 3148 mc,
124 3104 175 3154 quo
190 3087 290 3138 ducunt
304 3099 381 3139 enam
392 3085 486 3137 Lucilii
497 3085 578 3138 verba
595 3087 711 3140 ascrvio
723 3086 838 3138 laudata.
872 3085 972 3138 Eodem
985 3097 1138 3156 argomento

36 3149 100 3204 alitur
111 3155 253 3208 Wunderl.
288 3157 359 3208 ldem
374 3167 445 3208 recte
466 3155 564 3206 refutat
575 3157 665 3208 Vossii
673 3156 816 3221 rationem,
833 3155 867 3208 ad
877 3157 999 3208 Tmolius
1019 3175 1051 3210 cx
1064 3175 1137 3227 seqq.

35 3225 256 3290 toreumatis,
274 3227 344 3294 quod
356 3226 414 3294 ipsa
424 3225 564 3276 verborum
578 3245 627 3278 rex
639 3229 698 3300 ipse
716 3223 855 3278 collocatio
871 3224 928 3277 fieri
942 3235 1022 3279 vetet.
1057 3227 1138 3278 Gete-

35 3293 178 3346 nulledic.
194 3307 497 3362 neptunumque.
519 3303 546 3346 et
564 3296 704 3348 Plancus.
732 3295 802 3362 Wr.)
897 3297 932 3350 99
949 3297 1087 3348 Arclsivus
1105 3317 1139 3348 us

34 3353 85 3410 *lter
95 3363 222 3416 Rottsnd.
245 3365 416 3436 Argutisqus
427 3364 519 3431 l'csgm.
534 3364 630 3417 Morst.
647 3384 703 3418 non
716 3368 763 3418 cui
772 3367 840 3418 Van.
919 3367 968 3420 101
985 3366 1028 3418 Sic
1041 3315 1139 3418 melio-

34 3431 145 3482 racadu.
158 3433 255 3502 ubique
277 3451 375 3486 omnes.
407 3432 617 3486 Antelleins.in
632 3435 700 3499 edd,
725 3435 791 3486 ntia
808 3434 885 3488 codd.
900 3433 1049 3488 nonnullis:
1073 3435 1139 3490 Non

34 3511 72 3564 ego
84 3513 108 3550 ce
120 3503 220 3554 mensis
235 3515 263 3555 es
278 3503 321 3555 dis
331 3521 358 3556 α.
373 3520 405 3568 s.,
427 3501 505 3555 male.
523 3503 567 3555 dis
579 3517 629 3556 auc
638 3523 672 3557 ns.
693 3521 758 3556 nans
771 3503 896 3557 Arundcl.

33 3637 81 3696 ua's
95 3641 276 3703 nobilissimo
295 3642 373 3726 (sup.
387 3643 439 3702 Ge.
452 3643 476 3719 l,
490 3641 556 3726 56),
599 3647 693 3719 assub
707 3639 814 3728 ἀργᾶς,
837 3644 920 3724 quod
939 3645 1044 3706 vinum
1065 3667 1138 3706 can-

34 3727 255 3788 spamam
294 3729 395 3811 (sucre
421 3728 557 3804 Phsnac,
601 3731 705 3792 didam
722 3731 834 3791 reddit.
883 3731 936 3790 Est
957 3741 1058 3791 autem
1079 3735 1139 3790 mi-

37 3801 129 3887 olam,
150 3821 259 3894 portus
273 3815 557 3896 etpromonton'um
599 3827 696 3877 noret
716 3820 828 3892 uanior,
855 3817 892 3875 ci.
914 3817 1028 3876 Colum.
1047 3817 1097 3892 111,
1108 3821 1138 3892 2,

35 3889 86 3952 Chii
105 3898 219 3958 insulas
233 3946 241 3976 ,
278 3919 355 3980 quae
384 3901 455 3960 alias
482 3900 556 3961 vino
599 3907 651 3968 21.
681 3907 753 3967 100.
771 3903 814 3960 Εο
834 3901 924 3976 vitis,
951 3903 1024 3962 vino
1042 3901 1138 3983 inpn'-

35 3977 135 4041 Ariusio
156 3985 263 4046 nobilis
284 3995 346 4062 ost,
375 3989 407 4046 in
425 4005 460 4046 eo
477 3995 558 4046 tcm-
599 3988 654 4048 mis
678 3987 847 4061 abundans,
876 3981 1057 4064 πολύοινος,
1084 3997 1138 4064 est,

35 4061 102 4136 plum
129 4067 277 4150 Apollinis
300 4069 461 4156 Phanuel)
499 4073 559 4130 acl-
600 4093 695 4152 eoque
708 4073 797 4133 firmo
811 4091 846 4130 ac
859 4072 998 4134 durabili.

36 4167 143 4242 augete,
165 4155 280 4233 cedere,
300 4157 363 4218 vid.
376 4159 437 4218 Ecl.
448 4157 497 4232 Vl,
505 4161 556 4234 66,
622 4164 714 4225 ‚101.
735 4159 846 4218 Vinum
862 4158 1033 4234 Rhodiam,
1055 4159 1139 4220 cuins

37 4229 109 4324 ducat.
123 4242 200 4301 conl.
216 4243 285 4304 Van.
299 4245 381 4304 Lcct.
414 4247 465 4308 99.
481 4244 556 4301 Coun
598 4244 630 4304 in
658 4244 766 4328 mensis
793 4243 930 4303 secundis
955 4265 1028 4306 usus
1059 4255 1139 4324 eral5

38 4315 101 4408 filil:
134 4325 208 4385 Sunt
234 4342 262 4388 et
288 4329 457 4389 Αιοίηαοοο
483 4332 558 4388 viles
600 4351 727 4410 cumque
751 4329 788 4389 dc
808 4349 843 4387 eo
865 4339 935 4390 ante
958 4331 1057 4391 omnia
1077 4333 1139 4391 Diis

37 4417 109 4498 muge
138 4411 311 4495 &5¹12quoe
342 4419 448 4473 minor.
504 4415 558 4473 Est
597 4417 762 4492 libaretur,
782 4413 856 4474 hinc
870 4417 941 4476 vilis
954 4419 1079 4477 Rhodia
1092 4417 1140 4475 dis

38 4495 110 4550 mim
123 4493 229 4576 Argitis
245 4499 330 4578 vilis,
350 4519 421 4562 uva.
462 4492 557 4584 Ἀργῖ-
599 4503 741 4582 adcepta,
765 4509 851 4580 grata
864 4515 892 4562 el
909 4508 1019 4562 numus
1032 4524 1139 4564 secun-
