2730 5016
180 317 982 438 5555555555555555555-555
1061 347 1137 423 555
1210 399 1216 466 4

45 535 238 605 Pascuntur
250 553 345 605 vero
363 528 498 624 silvas,
534 540 574 604 et
586 551 740 602 summa
754 529 903 626 Lycaei,

43 634 307 734 horrentisque
321 631 460 728 rubos,
490 644 529 706 et
543 632 706 706 amantis
723 627 843 706 ardua
862 631 1025 726 dumos3
1061 637 1137 713 315

42 741 152 836 Atque
167 736 270 837 ipsae
288 759 491 811 memores
507 733 679 810 redeunt
695 736 734 809 in
750 748 868 831 tecta,
895 760 1069 839 suosque

41 842 195 934 Ducunt,
223 852 262 916 et
281 838 442 938 gravido
459 850 647 937 superant
661 839 723 912 vix
739 837 866 913 ubere
882 837 1015 918 limen.

38 943 126 1038 Ergo
143 943 251 1017 omni
269 942 401 1018 studio
419 941 583 1040 glaciem
599 954 821 1042 ventosque
838 941 984 1040 nivalis,

41 1047 114 1137 Quo
130 1047 261 1121 minor
277 1059 335 1122 est
352 1045 426 1120 illis
444 1069 558 1120 curae
572 1044 750 1120 mortalis
770 1057 930 1142 egestas,

37 1152 199 1242 Avertes3
225 1149 454 1248 victumque
466 1145 572 1223 feres
588 1161 627 1223 et
644 1149 774 1245 virgea
790 1147 914 1224 laetus
1062 1157 1137 1228 320

37 1249 182 1346 Pabula;
208 1277 285 1332 nec
300 1265 382 1327 tota
402 1249 559 1327 claudes
576 1247 737 1326 foenilia
753 1251 905 1330 bruma.

34 1355 74 1426 11
89 1379 197 1450 vero,
222 1355 412 1456 Zephyris
433 1379 558 1455 quum
575 1352 675 1430 laeta
692 1354 922 1430 vocantibus
939 1367 1061 1429 aestas

34 1457 71 1528 In
85 1455 197 1533 saltus
215 1473 435 1560 utrumque
454 1479 617 1556 gregem
637 1472 754 1559 atque
775 1458 815 1532 in
832 1483 975 1558 pascua
989 1459 1138 1535 mittet:

59 1645 104 1699 stt
120 1648 318 1702 vereParrbas.
369 1649 507 1704 3165555
525 1666 558 1698 ue
571 1649 637 1700 Veia.
661 1649 834 1711 'immemores
849 1649 944 1702 Medic.
971 1649 1138 1719 (1555155555-

32 1729 107 1766 morer
121 1717 190 1785 apud
209 1719 322 1786 Foggin.
352 1718 423 1784 Wr.)
500 1667 553 1772 dn
576 1719 723 1769 Deducunt
743 1719 838 1770 Donat.
860 1719 893 1770 ad
912 1721 1021 1772 Terent.
1044 1719 1138 1787 hecyr.

30 1783 67 1846 IV,
81 1785 105 1846 4,
122 1787 163 1840 27·
235 1790 289 1842 318
307 1800 403 1840 ventos
414 1787 582 1858 glaciemque
594 1787 714 1839 Perrhae.
728 1799 755 1838 et
766 1798 851 1856 quart.
861 1791 956 1840 Moret.
991 1800 1139 1856 ventosque

31 1853 134 1905 minaces
147 1857 261 1908 Vratisl.
295 1859 399 1909 nivosis
412 1859 536 1908 Venetus.
561 1857 760 1923 (omnisstndio
774 1857 867 1910 Medic.
889 1858 960 1924 Wr.)
1012 1857 1064 1910 319
1080 1861 1139 1921 Quo

29 1923 105 1973 annor
125 1925 179 1976 enti
200 1925 325 1978 uisaimus
345 1935 373 1976 et
390 1925 503 1994 optimus
524 1925 633 1993 quisque
653 1927 728 1977 Rom.
748 1926 842 1978 Medic.
864 1927 961 1992 etalii,
985 1925 1064 1982 etsie
1082 1943 1139 1978 cum

27 1993 88 2041 8555.
101 2010 130 2044 55
140 1944 263 2064 Phiiarg.
273 1995 358 2046 maior
370 2013 430 2064 pars
443 1995 569 2046 librorum
583 1994 672 2046 Heius.
688 2005 716 2046 et
729 1997 849 2059 Martini,
871 1997 949 2048 etism
963 1995 1044 2048 Goth.
1064 2005 1139 2046 nter-

28 2076 69 2126 quc
82 2065 202 2116 5555551151.
223 2068 262 2134 (et
276 2064 313 2115 ita
327 2063 437 2114 Parisini
452 2081 550 2116 omnes.
572 2065 658 2130 Wr.);
676 2065 743 2116 adde
757 2066 819 2118 edit.
834 2067 937 2134 Egnatii
952 2065 1055 2117 stelias
1068 2081 1138 2116 non-

25 2128 96 2180 nullas
111 2134 295 2202 antiquiores3
314 2133 407 2184 eodem
426 2151 502 2184 senen
518 2152 548 2185 55
566 2134 697 2202 vulgatum
712 2139 770 2201 Quo
785 2138 888 2198 urinum
914 2136 1021 2218 poetica
1034 2134 1139 2186 ratione

26 2198 164 2252 adverbium
178 2203 207 2254 in
223 2203 362 2271 epitheton
380 2213 423 2253 aut
437 2202 591 2254 adiectirnm
605 2203 698 2255 mutari
712 2205 815 2272 quoties
829 2205 880 2257 iam
898 2206 1021 2256 vedimus!
1057 2204 1109 2256 Sed
1123 2221 1140 2256 a

25 2283 91 2318 sensu
111 2288 203 2324 versus
229 2271 310 2342 plene
331 2271 489 2323 aberrabant
508 2270 600 2325 critici.
625 2291 648 2323 r.
664 2275 742 2336 Not.;
766 2275 827 2326 hinc
847 2285 916 2339 erat,
940 2275 1011 2344 qnod
1028 2273 1140 2324 alterum

25 2339 210 2402 praeferebant.
283 2343 336 2395 320
353 2347 474 2393 Aversor
496 2342 599 2409 Menag.
624 2341 698 2392 alter.
732 2346 846 2396 Aversis
865 2346 933 2395 Ven.
969 2345 1014 2394 lar
1034 2360 1067 2394 us
1082 2359 1140 2394 ma-

25 2403 84 2458 lebat
100 2411 136 2460 15.
148 2409 295 2462 Schrader.
313 2409 374 2478 (vid.
389 2411 451 2460 Not.
474 2411 545 2478 Wr.)
614 2411 665 2464 321
684 2411 898 2463 clandisbiedic.
926 2413 935 2480 (
934 2362 1058 2529 {amidio
1069 2410 1140 2460 idem

25 2485 45 2524 ct
57 2477 144 2546 fragm.
156 2481 249 2532 Vatic.
265 2497 322 2530 cnm
334 2481 409 2530 Rom.
430 2479 502 2545 Wr.)
537 2479 653 2530 claudos
667 2479 720 2530 Eri.
750 2478 858 2549 feralia
869 2482 932 2531 Pars
953 2498 989 2530 55.
1009 2497 1024 2530 5
1046 2497 1079 2529 m.
1098 2497 1140 2547 pr.

25 2546 64 2600 322
80 2549 251 2616 Legebator:
277 2554 316 2600 Aa
332 2566 399 2600 vero
415 2548 550 2617 Zephyris
561 2566 620 2598 cum
635 2548 710 2598 laeso
725 2547 888 2599 vocantibus
899 2559 1004 2598 5551555
1029 2549 1063 2598 In
1079 2547 1140 2598 sal-

25 2625 60 2666 155
74 2630 225 2688 utrumqne
237 2635 349 2690 gregem
364 2629 446 2686 atque
461 2619 489 2667 in
502 2635 609 2686 pascuo
623 2618 721 2667 55551555.
755 2619 794 2667 Ita
812 2633 875 2668 vero
890 2617 953 2668 dura
969 2627 1025 2668 5551
1040 2617 1139 2666 verbo-
1197 2631 1200 2638 ’

25 2700 68 2736 'om
83 2687 223 2751 iunctura,
241 2705 298 2738 cum
312 2685 484 2755 supplendum
500 2695 580 2736 esset:
600 2704 681 2756 quum
699 2685 775 2736 loeta
789 2698 895 2750 nestas,
919 2685 974 2736 scil.
989 2684 1047 2736 erit.
1083 2685 1140 2736 ob-

25 2753 79 2805 n'nm
92 2767 187 2808 tamen
205 2767 263 2820 est,
280 2756 332 2807 duo
347 2773 436 2808 5555555
451 2754 511 2809 322.
527 2755 580 2810 32³
594 2771 651 2806 esee
664 2755 794 2823 protasin;
823 2764 849 2804 et
863 2757 951 2805 mittet
971 2764 997 2806 et
1014 2753 1140 2805 leniorem
1217 2785 1219 2795 ·

25 2833 40 2872 51
51 2825 245 2894 elegantiorem
262 2825 407 2876 orationem
431 2823 550 2886 efficere;
575 2836 668 2875 aestas
682 2826 780 2887 55551115,
804 2841 854 2891 qna
872 2823 1013 2891 incipiente
1029 2824 1140 2878 mittun-

25 2911 59 2944 nr.
95 2897 130 2946 Et
143 2899 240 2948 55515555
254 2893 387 2944 Mcdicens
407 2911 422 2944 a
439 2911 472 2944 m.
486 2911 526 2961 pr.
541 2903 568 2945 et
579 2893 640 2943 libri
654 2893 722 2962 apud
735 2892 858 2944 Ursinnm
877 2894 976 2944 habere
991 2909 1141 2944 memoran-

25 2979 60 3014 nr.
96 2964 191 3016 Ceteri
209 2981 317 3025 omnes,
341 2963 419 3014 etiam
433 2963 525 3030 fragm.
545 2963 631 3014 Vatic.
651 2962 814 3026 comeditis,
833 2965 936 3022 miens,
954 2979 1039 3044 prono
1057 2963 1140 3032 lapan.

25 3035 142 3087 mittere
156 3053 193 3085 m.
211 3051 265 3084 555.
282 3032 377 3084 Medic.
398 3031 470 3098 Wr.)
505 3034 598 3083 5551155
616 3033 707 3083 Franc.
744 3032 940 3103 Obtemperavit
959 3050 1010 3086 ram
1024 3031 1142 3084 monenti

25 3105 119 3155 hunck.
157 3106 191 3156 r'n
206 3114 269 3154 ente
279 3120 386 3174 pascua
399 3102 474 3153 abest
487 3101 610 3153 Rottend.
626 3100 671 3154 511.

25 3241 125 3303 iorum
154 3253 265 3303 autem
283 3261 321 3301 ex
341 3241 464 3302 hircinis
484 3242 562 3302 villis
603 3251 713 3301 manes
749 3241 883 3302 educunt
917 3264 951 3303 ac
982 3244 1141 3304 reducunt„

25 3351 93 3388 isurn
128 3329 247 3410 respici
274 3328 397 3388 obvium
420 3337 473 3386 est.
501 3328 558 3387 Iul.
606 3331 677 3392 818.
699 3329 742 3386 Eo
756 3329 847 3407 magis
859 3328 965 3407 frigus,
988 3331 1142 3389 cuiusim-

25 3416 107 3474 ·abin.
129 3424 308 3491 „centones
325 3423 355 3472 51
375 3414 564 3492 coopertoria
605 3415 851 3494 patientissimum
867 3415 980 3474 esthoc
991 3435 1090 3495 pecus,
1105 3415 1142 3474 ab

25 3511 171 3562 ector-um.
221 3499 401 3559 dnncliterie
420 3500 565 3570 dicuntur
607 3519 755 3559 coarcere
772 3500 869 3574 stude,
892 3510 922 3559 et
938 3501 1017 3560 hanc
1030 3501 1056 3559 ei
1069 3521 1141 3580 ope-

25 3585 187 3646 1515555115.
199 3589 220 3620 “
607 3605 672 3646 ram
688 3586 826 3664 impende
846 3595 931 3644 tanto
953 3587 1059 3664 magis,
1082 3606 1142 3663 quo

45 3673 260 3736 314-321.
280 3669 375 3730 Addit
393 3669 466 3729 boc:
488 3669 562 3728 1551-
604 3671 704 3729 minus
725 3671 801 3730 illud
823 3673 855 3730 in
877 3671 980 3742 ceteris
1005 3672 1142 3730 omnibus

25 3777 61 3816 nn
79 3779 148 3817 esse
166 3758 323 3817 rationem
336 3757 434 3815 alendi
449 3775 562 3834 capras.
603 3757 694 3816 rebus
710 3777 782 3815 cura
798 3756 930 3815 hnmana
948 3755 1075 3835 indiget;
1101 3769 1144 3815 est

25 3847 192 3904 ’tencantur
212 3862 265 3900 seu
285 3843 488 3920 depascuntur
506 3843 562 3898 sil·
604 3855 721 3920 egestas·
730 3841 772 3922 (h.
786 3841 883 3922 egent)
897 3839 989 3899 curae'
1001 3843 1143 3901 naorlalis.

25 3954 76 4004 55,
103 3941 146 3989 ut
163 3927 360 4005 5111155515,
382 3927 499 4000 herbas,
512 3923 561 4006 (51.
605 3932 677 3991 320.
701 3929 786 3988 Goni.
812 3927 952 4005 Calpurn.
969 3927 1006 4000 V,
1025 3931 1066 3990 96
1080 3947 1143 4006 sqq.

25 4015 39 4074 1
57 4036 89 4076 v.
109 4011 209 4094 143.)
234 4015 288 4071 etsi
303 4022 333 4070 51
345 4012 437 4091 accipi
452 4021 561 4092 potest,
607 4013 797 4077 110-115.
820 4014 916 4070 laetias
928 4012 1005 4071 refer
1022 4011 1061 4070 ad
1077 4023 1144 4072 stu-

25 4121 53 4161 55
80 4103 205 4174 51155555
229 4119 268 4158 sc.
290 4119 402 4176 caprae
419 4117 434 4155 5
449 4119 479 4158 v.
493 4102 566 4173 800,
609 4097 708 4171 diurn,
731 4098 755 4155 si
768 4098 833 4174 quis
854 4097 924 4155 iacit
937 4107 1072 4176 promte,
1094 4099 1144 4158 lu-

25 4191 121 4252 ·,316
149 4189 257 4263 spone.
309 4185 382 4243 Mox
399 4182 465 4241 mhi
481 4183 566 4242 nobis
607 4184 721 4242 benter.
766 4180 902 4262 (Laesa
927 4183 947 4242 i.
967 4203 995 4261 q.
1018 4184 1144 4263 pinguis,

25 4269 300 4330 'mnebeerstnude
359 4273 431 4332 816.
461 4277 566 4348 sponte
606 4269 715 4348 largus,
731 4277 817 4326 55155.
829 4267 917 4343 885.)
932 4267 1144 4346 5155411455).
1198 4339 1201 4346 Ι

25 4359 159 4430 ederunt,
209 4375 333 4434 suosque
353 4355 490 4430 ducunt,
528 4353 565 4413 de
606 4355 773 4432 iunguntru·
806 4353 930 4411 laetae
970 4352 1080 4412 herbae
1115 4362 1146 4412 et

25 4445 114 4506 tibus
131 4457 218 4500 cum
229 4440 334 4500 Servio
346 4437 468 4517 accipio,
490 4459 564 4518 quos
605 4440 716 4518 plena
736 4437 895 4519 praesepia.
930 4439 1145 4500 1115551155-
