2654 5000
225 425 275 498 28
415 415 665 491 SPOHNII
698 413 1160 520 PROLEGOMENA

224 605 282 680 Ex
293 599 353 680 his
367 601 622 702 potissimum·
632 623 749 680 suum
766 599 952 701 expressit
964 597 1161 698 Virgilius.
1200 601 1317 677 Carrn

225 705 287 782 nis
306 715 439 782 antem
453 703 658 784 amoebaei
676 703 775 780 haec
795 716 880 799 erat
899 701 1040 804 triplex
1061 702 1317 780 commodita

305 831 386 923 ·(1)
424 838 469 900 ut
498 847 583 900 non
604 826 692 920 uni,
715 823 799 903 sed
825 822 982 898 duobus
1009 817 1131 900 tribui
1159 849 1317 923 *possen

227 947 329 1030 quae
355 927 431 1003 dici
451 926 582 1006 vellet.
633 931 717 1004 lam
746 928 777 1002 si
799 943 902 1002 unus
922 923 1135 1026 prodiisset
1165 925 1318 1028 loquen

225 1033 257 1106 is
287 1029 436 1128 Virgilii
461 1055 674 1132 personam
713 1029 958 1106 sustinuisset
983 1029 1131 1130 paullo
1165 1031 1318 1130 apertio

225 1131 549 1235 Nunc'colloquio
564 1134 668 1209 inter
682 1131 783 1210 duos
799 1134 1011 1208 constituto
1027 1133 1139 1234 c'puasi
1150 1133 1318 1207 remotio

228 1250 268 1311 et
282 1236 431 1312 alienus
446 1249 505 1312 est
517 1251 653 1337 poeta,
680 1237 820 1312 saltem
836 1235 888 1310 ita
899 1235 1080 1317 videatur
1095 1259 1266 1311 necesse
1282 1259 1317 1308 es

281 1365 352 1414 um
390 1340 500 1440 qnasi
528 1342 568 1414 in
601 1357 719 1414 scena
750 1353 908 1436 agentes
944 1352 985 1414 et
1021 1338 1263 1440 altercantes
1292 1335 1319 1410 vi

257 1463 401 1520 eamus.
465 1446 621 1540 Ergoa
656 1465 698 1518 sc
736 1435 1040 1544 quodammodo
1077 1441 1213 1518 aliena
1247 1439 1319 1514 fecit

227 1570 328 1646 quae
349 1544 424 1620 illis
449 1543 617 1620 dicenda
640 1541 734 1653 dare
753 1559 792 1622 et
812 1545 942 1646 potuit
965 1558 1004 1620 et
1026 1557 1168 1621 revera
1196 1543 1307 1619 dedit.

328 1688 413 1778 (2)ι
438 1676 575 1780 Quod,
606 1683 639 1772 si
660 1707 789 1758 unum
815 1679 1118 1780 introduxisset,
1160 1679 1253 1758 fieri
1283 1703 1320 1752 au

225 1808 449 1886 nunqnam,
484 1798 654 1861 autnon
675 1785 780 1860 hene
808 1783 1030 1886 potuisset,
1050 1797 1096 1859 ut
1123 1783 1196 1860 ille
1226 1781 1320 1882 gravi

227 1886 361 1992 oribus
376 1885 519 1962 aculeis
534 1900 731 1990 pungeret
746 1887 1028 1982 obtrectatores
1044 1887 1215 1986 Virgilii,
1236 1884 1273 1960 id
1286 1881 1304 1955 s
1317 1927 1320 1936 .

226 1988 372 2064 cillime
402 2003 484 2064 erat
506 1994 793 2092 praeparatum.
844 1995 928 2068 lam
954 1991 1030 2091 ,ipsi
1062 2013 1138 2090 per
1159 1992 1278 2064 rixam
1295 2009 1320 2056 sc

225 2093 425 2192 petierunt
440 2094 737 2170 contumeliosis
751 2095 899 2186 verbis;
917 2115 1010 2192 ergo
1026 2089 1220 2168 facillime
1240 2089 1275 2165 id
1290 2085 1321 2180 ad

226 2193 339 2290 alios,
393 2220 467 2270 uos
485 2196 582 2273 odio
605 2195 794 2294 habebat,
828 2209 985 2300 poterat
1004 2195 1160 2273 traduci
1170 2191 1190 2288 '3'
1210 2208 1247 2270 et
1267 2189 1321 2265 nri-

225 2319 341 2376 nuso
379 2297 498 2406 endit,
526 2301 637 2402 quod
652 2303 760 2404 quasi
777 2300 906 2376 obiter
918 2301 1085 2401 pupugit
1100 2313 1142 2376 et
1156 2324 1230 2400 per
1240 2295 1321 2371 alios.

327 2442 399 2534 (3)
434 2439 569 2530 Quum
606 2437 647 2512 in
683 2439 856 2514 carmine
896 2437 1116 2514 amoebaeo
1161 2429 1322 2524 coniungi

225 2539 399 2640 possint,
427 2553 637 2640 quaesunt
653 2543 824 2618 maxime
839 2540 1007 2634 diversa,
1033 2566 1164 2640 quum
1189 2539 1319 2616 ihisen·

224 2643 371 2722 tentiae
395 2639 666 2742 proferantur,
707 2669 808 2745 quae
840 2667 957 2745 saepe
979 2642 1093 2718 nullo
1124 2641 1250 2720 modo
1271 2659 1319 2710 co

231 2745 416 2840 haerent,
443 2769 527 2820 non
549 2746 681 2822 solum
703 2747 754 2822 ad
771 2747 877 2822 Bavii
902 2761 941 2822 et
959 2748 1103 2824 Maevii
1118 2745 1254 2847 putida
1274 2763 1318 2812 ta·

223 2851 304 2950 pita
321 2849 461 2924 acriter
479 2845 698 2926 vellicando
722 2863 761 2926 et
777 2844 1024 2950 depectenda
1040 2849 1125 2924 illas
1141 2863 1317 2950 pastorum

224 2977 413 3126 personas
434 2966 666 3029 convertere
686 2953 834 3052 potuit,
860 2953 933 3047 sed
955 2952 1064 3048 licuit
1088 2954 1224 3042 etiam,
1246 2941 1315 3022 Pol·

240 3055 339 3142 ioni,
365 3053 510 3135 fautori
524 3053 766 3148 studiorum,
791 3057 951 3132 meritas
965 3054 1122 3130 solvere
1138 3055 1275 3153 gratias.
1288 3055 1316 3116 θῑ

224 3155 461 3244 simul‚dum
475 3160 669 3258 pessimos
684 3160 777 3237 istos
791 3172 929 3258 poetas
945 3151 1313 3248 insectabatur‚hnius

223 3270 367 3358 poetae
383 3264 512 3334 Musas
537 3260 718 3336 laudibus
735 3285 943 3355 exornare,
974 3261 1152 3362 ideoque
1167 3255 1314 3365 pluribus

224 3361 452 3438 nominibus
474 3363 556 3438 eius
573 3363 895 3440 benevolentiam
916 3362 1159 3442 confirmare
1175 3389 1216 3440 ac
1228 3375 1311 3434 tuen.

327 3485 437 3575 Quae
452 3507 577 3582 quum
588 3485 643 3560 ita
658 3484 988 3582 essentVirgilius
997 3507 1107 3560 nunc
1122 3485 1173 3560 ad
1188 3497 1310 3588 arnot-

223 3587 399 3662 baeum
426 3609 604 3684 carmen,
632 3587 743 3689 quod
760 3589 894 3663 omnia
907 3589 948 3662 in
973 3611 1017 3662 se
1034 3589 1229 3688 reciperet
1239 3589 1310 3677 optt-

222 3715 311 3778 me,
352 3713 454 3790 quae
494 3690 616 3766 vellet
640 3715 848 3792 promere,
891 3692 1052 3765 accessit
1085 3687 1307 3766 conscriber-

224 3791 332 3869 dum.
382 3791 604 3869 Introduxit
627 3808 760 3868 autem
775 3793 884 3869 duos
896 3806 1075 3894 pastores
1095 3799 1308 3870 Mantuanos

222 3893 441 3969 Menalcam
465 3920 655 3994 puerum,
688 3899 757 3996 qui
784 3897 903 3996 patris
932 3919 1097 3994 gregem
1128 3897 1256 3998 pascit,
1282 3889 1306 3954 tl

222 3999 468 4093 Damoetam,
483 3999 653 4094 Aegonis
669 3999 873 4074 cuiusdam
890 4023 1061 4095 servum,
1078 4003 1147 4101 qui
1172 3990 1304 4076 eandem

222 4099 415 4176 Neaeram
440 4105 573 4194 amat,a
596 4099 704 4174 cuius
726 4127 864 4178 amore
885 4101 1085 4177 Menalcas
1104 4117 1232 4205 captus
1259 4097 1304 4164 θῦῑ

224 4203 476 4278 Conveniunt
502 4205 545 4277 in
572 4227 737 4302 pascuo,
780 4205 993 4306 compulsis
1016 4203 1127 4282 forte
1148 4197 1303 4305 gregiblll·

221 4301 437 4400 Menalcas,
464 4307 670 4407 asperioris
690 4307 809 4382 animi
823 4331 925 4406 puer
940 4321 981 4382 et
1003 4308 1054 4383 ad
1070 4309 1193 4388 rixam
1206 4293 1302 4382 sacili-‘t

223 4405 397 4506 increpat
417 4409 670 4504 Damoetam,
696 4409 1000 4510 quodammodo
1020 4411 1057 4488 ei
1071 4413 1207 4506 iratus,
1223 4387 1301 4506 qt10d
