2656 5008
167 395 520 474 ouononoont
544 383 650 476 nm.
672 399 729 496 11,
754 407 973 482 eoa-eae
1049 410 1124 486 449

46 585 215 678 Ingentem
227 582 344 659 coelo
359 585 536 662 sonitum
554 584 682 684 dedit,
710 586 805 662 inde
823 603 1012 689 sequutus

46 689 100 758 Per
111 709 228 760 ramos
244 688 370 765 victor
384 711 539 790 perque
556 687 629 766 alta
648 691 849 766 cacumina
865 706 1020 792 regnat,

44 789 77 862 Et
90 799 201 864 totum
220 787 382 868 involvit
398 787 568 866 flammis
588 817 748 889 nemus,
778 807 817 870 et
834 795 912 870 ruit
928 809 1052 872 atram

44 889 85 964 ld
100 891 240 966 eoelum
253 893 365 993 picea
385 917 534 970 crassus
552 895 716 993 caligine
734 897 903 975 nubem:

43 995 238 1070 Praesertim
253 998 284 1070 si
299 1009 514 1098 tempestas
533 1025 553 1073 a
570 1001 718 1076 vertice
735 998 838 1074 silvis
1047 1011 1123 1082 tto

42 1097 204 1194 Incubuit,
230 1098 505 1202 glomeratque
521 1099 655 1177 serens
671 1102 853 1178 incendia
869 1115 1019 1180 ventus.
1071 1195 1075 1206 1

41 1199 101 1274 lloe
114 1200 193 1296 ubi,
220 1227 304 1278 non
322 1228 343 1278 a
358 1205 479 1306 stirpe
497 1203 650 1302 valent,
678 1227 893 1308 caesaeque
911 1207 1056 1282 reverti

73 1345 143 1418 112.
167 1363 256 1434 un13

60 1542 99 1596 tot
117 1557 192 1626 etque
214 1547 277 1599 alta
298 1547 401 1600 Nouius
421 1547 561 1600 Marcellus
582 1549 709 1618 agnoscit.
751 1551 891 1620 victorque
917 1549 977 1602 alto
1003 1549 1123 1601 Perrhae.
1222 1581 1226 1584 -

40 1611 168 1664 lennitarnt
187 1627 269 1684 poeta
289 1615 474 1668 altae-alta
494 1617 535 1668 bis
549 1617 627 1670 dicta.
696 1619 746 1674 311
759 1619 898 1690 frequent
918 1620 1011 1686 fragm.
1028 1621 1123 1671 Moret.

36 1677 209 1746 [emitteret.
224 1703 278 1736 sec.
297 1705 313 1737 a
330 1705 363 1738 m.
387 1705 448 1748 seo,
467 1685 602 1754 eleganter
621 1688 741 1759 quidem,
759 1687 806 1738 sed
821 1689 854 1738 eb
868 1689 1044 1740 emendatore.
1072 1686 1125 1758 se-

40 1767 93 1810 nens,
107 1751 212 1806 flammae
228 1765 255 1806 et
272 1756 394 1808 incendia
406 1757 485 1824 longe
498 1756 604 1825 lateque
618 1774 759 1826 spargens,
777 1766 806 1807 ut
819 1759 905 1810 llum.
975 1757 1028 1812 ³12
1045 1759 1124 1808 Haec

39 1817 201 1884 taguttoree
237 1828 300 1876 Hoc
320 1823 367 1876 ubi
386 1844 454 1876 non:
479 1825 664 1895 interpunxere
683 1826 728 1877 alii
749 1827 819 1896 apud
837 1826 982 1895 Philargyr.
1017 1825 1124 1880 Wakef.

40 1887 155 1942 silueret.
170 1893 214 1956 IV,
232 1895 287 1948 662
300 1894 438 1962 distinguit
453 1897 528 1958 Hoc,
546 1893 592 1946 ubi
606 1905 634 1946 ut
647 1896 683 1946 eit
697 1906 809 1964 propter
824 1894 889 1958 hoc,
915 1896 965 1947 hac
979 1895 1013 1947 de
1026 1913 1124 1960 caussa,

39 1957 152 2026 -inselix
169 1975 290 2030 superat.
326 1965 390 2015 Mox
411 1963 510 2016 malim:
534 1982 664 2016 caecaeve
683 1969 800 2028 reverti,
823 1965 906 2033 (nihil
927 1983 1049 2027 necesse3
1071 1964 1123 2016 vid.

38 2025 58 2085 Q.
68 2027 91 2076 t.
101 2029 222 2096 xxxvl,
249 2035 291 2086 to.
315 2033 388 2100 Wr.)
413 2049 476 2098 uec,
500 2032 523 2083 ci
541 2033 583 2084 vel
604 2035 715 2084 maxime
734 2034 870 2102 senperiore
894 2044 971 2104 parte
1010 2033 1123 2086 raecisus

37 2099 209 2213 ¹tripectnsloerit,
227 2101 398 2155 revirescunt.
425 2105 454 2172 (a
474 2105 572 2174 stirpe,
590 2112 663 2155 recte
681 2103 724 2156 hic
747 2103 865 2173 quiderm
889 2104 953 2156 alias
1025 2107 1123 2176 stirp03

80 2169 143 2230 (1.1.
161 2171 181 2234 1,
198 2173 222 2224 1.
245 2171 319 2239 Wr.)

36 2337 130 2400 arbustis
148 2352 178 2402 te
198 2345 316 2404 versari
337 2345 455 2425 cogites.
477 2345 542 2406 vid.
583 2353 692 2405 ventus
703 2355 862 2425 propterea
875 2354 1123 2406 commemoratus

35 2421 84 2482 liin.
96 2427 171 2488 xvu
179 2474 187 2506 ,
210 2434 264 2506 28,
288 2449 311 2490 c.
325 2432 376 2506 85,
390 2435 441 2496 22.
485 2432 543 2490 Ce-
585 2430 697 2505 videri,
726 2440 762 2490 ut
786 2432 819 2490 in
842 2431 934 2506 vites,
969 2439 1124 2508 tamquam

36 2515 103 2570 ltrun
116 2511 195 2574 locus
219 2535 261 2575 ex
280 2517 475 2576 ornatissimis
489 2527 542 2578 est.
584 2514 775 2590 humiliores,
804 2535 841 2574 ex
866 2513 1001 2574 oleastris
1017 2515 1124 2574 ineen-

36 2595 82 2659 tte.
100 2599 222 2678 Robora,
244 2599 278 2660 h.
292 2611 435 2662 huncum
453 2604 542 2662 oleae.
586 2601 670 2660 dium
684 2599 837 2660 immittat.
859 2600 904 2658 lta
918 2599 1039 2678 quidem
1051 2599 1124 2658 cer-

36 2681 81 2743 106.
103 2688 194 2761 coelo,
217 2687 258 2745 ad
274 2687 402 2764 caelum,
423 2697 458 2748 ut
472 2692 543 2752 309.
587 2686 657 2744 dam
673 2687 791 2763 sequuti
810 2683 1037 2764 interpretanda
1050 2681 1125 2742 haee

36 2781 155 2846 epotus,
187 2791 380 2852 progressus,
410 2773 543 2852 gliscenti.
587 2791 648 2830 esee
670 2771 740 2830 olim
758 2771 952 2850 putabamus3
979 2767 1125 2828 sedeunt

37 2849 81 2913 tte.
99 2859 160 2931 nait,
182 2859 254 2936 agit,
277 2859 403 2934 emittit,
426 2859 543 2920 eiectat.
585 2855 662 2916 haec
676 2865 802 2934 arguto,
837 2876 898 2914 non
923 2873 995 2916 vere
1028 2853 1120 2914 dicta.

37 2944 297 3022 anteprovineto.
339 2943 409 3002 Loci
428 2945 543 3024 pulcri-
585 2943 777 3002 Burmannus
804 2941 933 3002 molebat
959 2961 980 2998 a
1008 2944 1124 3014 vertt'ee,

37 3021 136 3084 tudinem
151 3028 358 3106 unusquisque
375 3029 461 3088 facile
474 3049 544 3088 sen-
586 3047 604 3104 μ
625 3037 723 3106 tergo,
750 3025 781 3088 lr.
800 3048 818 3086 a
839 3047 943 3106 campo
971 3045 1069 3086 vacuo
1094 3034 1125 3084 et

37 3103 161 3174 110οη1.
184 3115 275 3174 Silius
300 3114 341 3190 V,
357 3113 543 3181 510-514
584 3133 683 3193 puro,
711 3112 793 3172 unde
819 3112 925 3192 incipit
943 3111 1035 3188 silva,
1065 3131 1125 3190 que

38 3205 154 3258 unoetro
168 3219 328 3280 expressus
335 3222 344 3276 ;
358 3199 411 3260 inf.
422 3200 495 3260 Aen.
503 3201 542 3277 X,
584 3208 671 3280 perte
698 3207 808 3258 ventus
827 3198 944 3258 iuuene
971 3197 1004 3257 in
1023 3205 1125 3258 totum

38 3273 121 3360 1151]Ι
144 3284 232 3345 Hom.
254 3283 338 3344 Iliad.
353 3289 385 3359 λ,
417 3287 477 3352 155
499 3306 542 3364 sq.
585 3304 691 3344 nemus
705 3283 835 3344 involvit
854 3283 997 3343 flammis:
1025 3295 1125 3342 vertex

38 3383 52 3434 ἰ
68 3365 123 3431 190
137 3391 199 3448 sqq.
214 3371 283 3430 loce
298 3371 421 3430 laudata
441 3371 501 3430 iam
526 3391 543 3430 a
586 3379 694 3445 tamen,
717 3369 833 3430 etiamsi
843 3369 883 3428 cd
892 3379 1006 3447 tergum
1019 3367 1124 3428 referri

39 3443 108 3512 iude
148 3459 220 3520 310.
251 3477 273 3514 α
294 3459 400 3514 verta'ce
425 3457 544 3536 poetica
586 3456 679 3536 possit
686 3499 695 3530 ,
729 3454 762 3514 id
785 3455 868 3533 quod
894 3455 926 3514 in
948 3471 1065 3531 queque
1090 3471 1124 3511 re

39 3536 91 3610 ⁰pit
105 3549 260 3602 stomata
272 3541 432 3618 adiectum,
445 3539 476 3602 h.
489 3543 544 3600 de·
586 3559 736 3600 summum
766 3549 812 3600 est
824 3585 833 3615 ‚
873 3547 927 3599 eut
957 3537 1124 3616 superiores

39 3625 283 3702 111111808810,
305 3623 446 3706 stolon,
468 3629 546 3690 utel
585 3636 686 3706 partes
693 3669 702 3701 ,
724 3625 878 3704 significet.
912 3623 1123 3682 surianorum

40 3703 442 3798 έκενηῒἺψὸθενέμπλὴξῃ
458 3709 543 3793 durni
587 3721 693 3770 auctor
721 3731 742 3770 a
762 3713 885 3782 veitice,
917 3707 954 3766 ab
976 3707 1123 3785 aquilone,

40 3781 126 3868 lipom
139 3791 269 3874 θύελλα,
291 3797 542 3858 Aratl'haenom.
585 3795 843 3876 interpretabatur
862 3791 905 3875 (h.
921 3813 939 3850 a
949 3791 1019 3871 polo
1031 3792 1125 3850 arcti-

40 3877 123 3942 2423.
166 3883 217 3942 Sic
245 3883 306 3942 lere
329 3883 403 3944 Aen.
426 3883 453 3958 l,
482 3887 543 3948 118
586 3880 654 3963 co),
684 3877 1007 3954 circumtulit:
1027 3889 1125 3935 vertex

40 3979 140 4036 ΨΜ
160 3971 389 4046 verticepontue
404 3971 444 4028 Ita
455 3991 544 4048 pup—
584 3967 669 4026 nobis
690 3983 806 4043 temper
822 3963 967 4022 autoris.
1014 3961 1124 4021 Gram-

42 4047 72 4103 m
89 4051 180 4128 serit,
220 4072 260 4114 ex
282 4053 404 4116 Homer.
433 4053 491 4114 Od.
514 4075 543 4130 ε,
585 4051 685 4112 metiti
699 4049 860 4110 subtilitati
879 4045 1124 4108 sitvishauddu-

45 4135 263 4222 ltttamptya
274 4145 357 4220 accipe
365 4131 429 4202 κατ’
441 4135 545 4220 ἄκρης.
586 4139 634 4198 bie
649 4137 687 4198 de
701 4136 790 4196 vinea
803 4132 938 4194 oleastris
949 4132 1062 4192 consita
1074 4133 1124 4194 in-

41 4211 118 4280 lello
131 4267 140 4298 ,
169 4225 224 4284 Ge.
243 4225 267 4302 1,
292 4223 355 4289 524
375 4235 406 4285 et
426 4225 463 4283 nl.
505 4225 545 4284 Et
586 4221 789 4301 telligendum.

41 4299 237 4370 ledeaeendamt
247 4311 339 4372 venti.
376 4311 544 4372 Haeeaunt
629 4311 701 4372 812.
731 4303 823 4381 Quod
845 4301 870 4360 si
890 4299 1048 4376 acciderit,
1075 4301 1124 4360 vi-

42 4381 240 4471 lsspliciuime,
277 4413 370 4474 ecque
403 4393 543 4455 tenende
585 4403 630 4454 tes
642 4391 761 4471 quidem
770 4387 950 4450 revirescere
960 4396 1124 4465 nequeunt,

42 4471 106 4534 'otest
117 4479 209 4539 etiem
226 4499 356 4561 superne
370 4479 544 4542 incumbens
585 4478 660 4540 deun
671 4477 787 4538 interea
799 4473 919 4534 oleastri
933 4491 1026 4533 noctu
1038 4473 1125 4534 Iron-

64 4575 209 4658 Vmen.
238 4583 344 4658 Tou.
362 4581 391 4657 I.
865 4573 917 4645 ²⁰
