2606 5008
325 413 388 490 IN
415 411 734 490 GEORGICA
1017 423 1093 498 aot

31 623 59 674 ex
71 611 139 674 toto
154 597 331 676 materiae
352 611 540 701 apparatu
562 625 607 676 ea
627 599 836 698 deligenda
853 613 963 700 sunt,
992 629 1095 706 quae

30 727 90 776 cun
112 702 223 804 aliqua
246 703 448 804 voluptate
470 703 614 802 audiri,
652 717 739 800 aut,
774 704 806 780 si
829 729 904 804 per
928 731 971 783 se
995 707 1096 784 nihil

29 805 172 881 suavitatis
190 805 353 906 habent,
391 808 523 884 ornari
545 821 585 885 et
604 807 803 884 nobilitari
823 807 871 884 ab
893 823 976 886 arte
1000 835 1097 912 pos-

29 909 91 1001 sint3
111 935 355 1014 quaecunque
370 925 505 988 antem
523 911 725 988 tractanda
741 911 946 1010 selegeris,
968 937 1014 990 ea
1031 939 1097 992 re-

29 1037 86 1086 nn
105 1011 189 1090 lacie
210 1017 316 1116 quasi
340 1041 385 1092 ac
408 1015 520 1092 vultu
547 1039 679 1119 eoque
708 1015 845 1092 colore
862 1015 1097 1095 exhibenda

28 1129 102 1210 sunt,
127 1143 199 1220 quo
218 1120 388 1196 maxime
412 1120 585 1217 niteant,
620 1119 916 1222 hominumque
942 1121 1097 1198 animos

28 1215 362 1318 adcognoscendam
382 1248 471 1299 rem
492 1237 533 1300 et
553 1222 906 1326 contemplandam
926 1222 1099 1302 alliciant

28 1323 204 1406 ethvitent
239 1331 345 1404 Turn
361 1328 619 1430 perspicuitas
637 1355 659 1406 a
676 1328 830 1426 lucide,
856 1351 941 1404 non
963 1341 1098 1406 autem

28 1421 199 1526 dialectico,
230 1457 369 1510 rerum
390 1431 550 1530 ordine,
585 1447 915 1532 argumentorum
936 1430 1097 1530 dilectu,

29 1525 231 1630 dispositione
259 1547 300 1614 et
330 1537 577 1638 expositione
599 1537 650 1614 ad
674 1538 853 1614 animum
871 1535 1098 1613 tenendum

28 1637 289 1738 accommodata,
311 1639 545 1716 arcessenda
562 1655 631 1720 est.
684 1645 845 1718 Tenent
861 1651 996 1716 autem
1014 1639 1098 1716 ani·

27 1757 101 1812 mum
114 1763 162 1838 ea,
188 1769 287 1844 quae
305 1769 391 1821 non
409 1744 537 1820 modo
556 1743 656 1821 nihil
670 1744 877 1821 molestiae
895 1743 932 1819 ei
951 1756 1098 1840 creant,

27 1835 90 1916 bn
106 1863 405 1948 cognoscuntur,
430 1873 573 1926 verum
595 1849 730 1946 etiam,
752 1847 852 1924 dum
871 1846 953 1922 leni
974 1871 1019 1922 ac
1038 1844 1098 1922 fa-

27 1941 64 2016 dli
83 1969 180 2025 cursu
197 1953 238 2027 in
259 1953 442 2029 animum
458 1949 652 2051 influunt,
679 1976 764 2028 non
784 1949 948 2028 horrida
969 1948 1098 2052 aliqua

27 2047 168 2129 acieiuna
186 2055 399 2133 subtilitate
420 2069 672 2154 exarescunt,
698 2055 843 2133 sedeo
866 2078 914 2131 co
965 2077 1036 2130 ore
1054 2077 1099 2129 ac

27 2147 117 2230 colore
133 2180 329 2262 succoque
346 2160 502 2262 expleta
520 2175 631 2260 sunt,
659 2183 740 2262 quo
758 2157 810 2238 ad
827 2159 936 2260 impe
955 2157 1099 2234 lendos

26 2271 119 2332 tensus
139 2275 294 2339 nostros
322 2265 584 2366 animumque
611 2263 786 2367 aliquam
799 2263 887 2340 nim
914 2261 1097 2339 habeant

26 2355 83 2472 Quo
99 2359 152 2462 lit,
175 2379 221 2443 nt
238 2368 281 2444 in
299 2380 443 2444 ornatu
459 2391 616 2444 summa
634 2368 753 2444 huius
772 2365 955 2442 carminis
972 2365 1099 2466 posita

24 2459 162 2548 adeatur.
185 2469 247 2548 Ad
264 2483 452 2547 ornatum
469 2484 605 2548 autem
617 2471 752 2548 omnia
764 2467 980 2546 reserenda
995 2479 1099 2563 sunt,

26 2581 84 2641 mn
99 2593 153 2670 ea,
177 2573 262 2652 sine
280 2574 427 2678 quibus
444 2573 512 2652 ille
531 2589 641 2652 recte
663 2598 749 2652 esse
768 2572 926 2673 nequit,
952 2569 1099 2646 verbo-

24 2685 425 2780 lt1111numemrumque
440 2691 567 2776 recta,
589 2677 767 2776 elegans,
788 2701 832 2753 ac
845 2673 972 2752 suavis
985 2673 1098 2768 ratio,

24 2775 78 2846 tun
91 2801 214 2856 rerum
231 2795 626 2882 argumentommve,
646 2803 760 2883 quae,
781 2777 894 2880 quod
913 2789 1100 2853 ornatum

25 2883 390 2984 percutiebantur,
411 2885 462 2962 ad
483 2884 770 2988 exponendum
785 2905 1031 2984 seposueras‚
1054 2903 1101 2955 ea

25 2971 207 3108 toutiopt
224 2991 558 3091 repraesentatio,
581 3013 684 3092 quae
707 2987 758 3064 ad
774 2987 954 3063 animum
972 2983 1100 3060 conti-

24 3097 72 3155 na
85 3102 268 3184 gratarum
292 3117 451 3190 rerum,
477 3093 696 3192 imaginum
716 3115 761 3168 ac
780 3113 971 3167 sensuum
987 3087 1101 3164 vicis-

23 3179 148 3270 tltudine
161 3195 386 3274 tenendum
405 3221 526 3300 quam
540 3197 713 3274 maxime
726 3195 775 3270 sit
787 3192 943 3272 idonea.
978 3189 1101 3289 Quod

24 3287 142 3382 quidem
156 3299 205 3376 ita
223 3301 398 3377 maxime
419 3301 574 3402 assequi
594 3299 766 3394 videare,
786 3299 829 3396 si,
849 3298 895 3374 iis
917 3296 1101 3396 exceptis,

24 3409 89 3504 itte
111 3401 261 3480 nullum
287 3417 476 3481 ornatum
506 3402 745 3500 admittunt,
785 3413 825 3478 et
850 3399 1027 3478 breviter
1056 3421 1101 3473 ac

23 3497 201 3598 mpliciter
223 3505 463 3610 exponenda
486 3519 600 3602 sunt,
633 3519 764 3583 cetera
788 3505 920 3582 verbis
944 3526 989 3579 ac
1008 3524 1101 3576 sen·-

22 3601 114 3714 ¹tssliis
133 3609 418 3713 locupletibus,
453 3611 730 3712 variarumque
754 3633 892 3686 rerum
919 3603 1101 3682 similitu-

23 3691 119 3785 dmem
146 3737 187 3790 ac
211 3713 396 3793 colorem
425 3713 467 3792 in
491 3715 671 3791 animum
694 3709 995 3804 revocantibus,
1035 3729 1101 3782 ex-

24 3819 116 3894 ltessa
138 3817 233 3913 sint;
261 3843 308 3895 ea
329 3841 450 3914 vero,
478 3842 580 3921 quae
598 3817 784 3894 universe
805 3813 882 3890 dici
901 3821 1100 3912 poterant,

23 3901 54 3978 ad
65 3905 191 3998 lactum
207 3919 389 4044 aliquod,
403 3920 533 4024 idque
550 3945 680 3998 unum
697 3933 738 3996 et
752 3919 952 3996 actionem
967 3913 1101 4012 singu-

23 3997 109 4092 brem
131 4045 151 4098 e
171 4023 307 4101 multis
327 4038 530 4121 revocata,
563 4023 615 4100 ad
637 4026 772 4099 vivum
795 4029 1101 4122 repraesentata,

23 4105 241 4228 descriptione
262 4127 390 4206 oculis
407 4127 603 4226 subiecta,
631 4124 821 4227 exemplis
839 4135 879 4200 et
895 4145 1101 4222 compara-

23 4219 153 4302 llonibus
170 4229 372 4330 illustrata,
393 4231 598 4309 sententiis
614 4229 797 4331 gravibus
812 4227 891 4303 sint
906 4225 1100 4320 distincta,

23 4325 225 4434 ⁰111ninoque
247 4335 302 4414 ita
320 4347 500 4436 tractata,
524 4346 673 4413 utnon
690 4346 772 4412 tam
792 4329 947 4410 animus
964 4329 1100 4408 doceri
