2784 4988
109 441 122 464 ,-
215 411 324 462 xxm
508 387 584 460 Ex
609 384 1051 464 PRAEFATIONE'

215 601 307 652 rum
322 573 460 668 etiam,
487 595 580 647 cum
600 569 715 646 valde
733 570 931 647 turbatam
956 585 996 650 et
1013 567 1221 650 confusam
1235 572 1351 650 hanc

216 679 367 755 critices
390 688 546 776 partem
573 698 657 750 esse
685 673 884 772 viderem,
926 673 1039 752 altius
1063 700 1152 755 rem
1178 701 1351 754 exorsus

215 807 321 870 sum,
347 794 393 856 ut
411 778 645 854 omninode
663 777 866 854 codicibus
881 803 1136 880 quaererem,
1164 806 1351 883 quorum

217 884 383 987 quidem
401 908 457 960 un
487 907 581 957 nam
598 882 649 956 ab
675 881 896 958 editoribus
912 881 1063 981 Virgilii
1084 885 1350 960 mentionem

217 1003 257 1064 et
276 909 618 1064 notitiamlacmm
640 985 826 1064 videram.
879 989 927 1064 In
950 1011 1071 1088 quam
1090 1002 1349 1064 commenta-

216 1093 369 1168 tionem
396 1115 489 1166 cum
514 1088 642 1164 semel
670 1088 916 1187 incidissem,
958 1115 1007 1164 eo
1030 1089 1250 1168 deductum
1270 1117 1348 1168 me

215 1195 314 1288 vidi,
348 1193 451 1270 utin
479 1217 544 1268 eas
569 1193 765 1268 editiones
787 1191 1054 1295 inquirerem,
1080 1219 1183 1295 quae
1206 1220 1251 1270 ex
1271 1221 1347 1271 co-

216 1299 368 1374 dicibus
390 1297 542 1396 scriptis
567 1319 729 1372 excusae
752 1310 819 1373 aut
846 1295 1080 1372 emendatae
1103 1299 1349 1376 essetrade-

214 1415 363 1498 rentur.
415 1401 612 1478 Processit
633 1401 685 1476 ita
708 1424 791 1476 non
809 1399 1139 1477 animadvertenti
1160 1401 1347 1478 studium

215 1505 265 1582 ad
283 1505 408 1607 ipsam
432 1516 636 1579 contextus
683 1515 797 1579 oetae
821 1529 942 1606 quam
964 1503 1105 1580 dixeris
1119 1505 1346 1605 historiam,

215 1611 255 1684 in
279 1633 357 1710 qua
378 1633 470 1685 cum
490 1607 625 1682 omnia
642 1530 728 1682 lere
747 1607 921 1682 tenebris
941 1606 1117 1683 obducta
1138 1622 1178 1684 et
1193 1608 1346 1689 obscu-

214 1725 296 1788 rata
318 1710 516 1806 viderem,
545 1731 737 1810 cumque,
773 1735 875 1811 quae
895 1711 1015 1785 animi
1037 1710 1201 1787 humani
1221 1726 1344 1790 natu-

214 1841 257 1892 ra
283 1827 358 1910 est,
385 1813 547 1912 indigne
571 1809 739 1907 ferrem,
773 1814 929 1914 quoties
953 1813 1005 1889 de
1025 1815 1184 1916 antiqua
1206 1816 1343 1918 aliqua

215 1918 392 1996 editione
409 1929 606 2018 ageretur,
633 1915 883 1992 haerendum
901 1930 940 1994 et
957 1917 1220 1994 dubitandum
1237 1943 1341 2017 esse,

215 2025 409 2124 quorsum
437 2020 502 2096 illa
524 2016 756 2114 reserenda,
796 2044 899 2122 quae
927 2022 1010 2098 eius
1034 2023 1242 2098 auctoritas
1263 2021 1343 2100 ba-

212 2123 348 2202 benda
370 2137 490 2220 esset,
532 2146 653 2222 opera
674 2121 839 2200 tandem
862 2121 936 2200 hac
960 2123 1086 2200 semel
1112 2123 1342 2224 defungen-

115 2301 118 2310 ,
215 2227 315 2306 dum
339 2251 423 2303 esse
444 2225 651 2305 arbitratus
671 2250 779 2318 sum,
804 2227 910 2304 utin
936 2227 1159 2304 editionum
1173 2224 1342 2308 ordines

214 2345 255 2408 et
270 2329 426 2427 classes,
453 2329 592 2429 stirpes
610 2354 654 2406 ac
670 2326 854 2426 familias,
880 2329 1015 2432 paullo
1039 2335 1253 2410 accuratius
1274 2335 1342 2410 in-

215 2436 427 2538 quirerem.
481 2437 568 2529 Qua
584 2433 625 2507 in
647 2457 691 2510 re
705 2445 751 2508 ut
765 2429 937 2535 quadam
952 2447 1068 2510 tenus
1084 2433 1223 2514 saltem
1238 2465 1341 2540 pro-

214 2538 359 2615 cedere
375 2537 530 2633 liceret,
557 2535 780 2614 editionum
798 2549 889 2612 ante
913 2539 1048 2614 omnia
1066 2540 1226 2618 annales
1247 2545 1340 2644 qni-

214 2643 307 2720 dam
334 2655 447 2718 erant
472 2638 720 2718 conficiendi.
772 2644 827 2716 Ea
853 2642 987 2716 omnia
1014 2642 1214 2741 subiunxi,
1249 2671 1338 2722 non

214 2746 326 2849 qnod
342 2745 443 2822 iniis
459 2769 526 2840 e0,
554 2768 635 2844 quo
652 2743 965 2842 contendebam,
991 2748 1217 2846 pervenisse
1235 2751 1338 2825 mibi

214 2848 393 2926 videbar:
436 2871 521 2923 non
550 2847 658 2922 enim
686 2847 790 2923 haec
808 2848 857 2924 ab
890 2871 974 2923 uno
996 2847 1166 2944 homine
1193 2851 1336 2952 perfici

211 2966 397 3053 possunt,
426 2964 465 3027 et
483 2949 609 3026 multa
635 2963 769 3047 erunt,
805 2976 906 3054 quae
929 2951 980 3028 ad
1006 2951 1176 3030 alterum
1204 2981 1248 3032 ac
1270 2981 1337 3034 se-

271 3068 382 3129 entes
397 3051 504 3136 forte
520 3058 673 3129 Tomos
699 3056 913 3130 accuratius
935 3069 973 3130 et
991 3057 1239 3134 emendatius
1255 3074 1338 3136 tra-

213 3081 309 3232 ddre
323 3156 495 3248 licuerit;
521 3179 663 3231 verum
677 3157 887 3257 quoniam,
915 3159 946 3234 si
966 3159 1031 3234 vel
1051 3159 1179 3237 lineae
1195 3189 1336 3240 earum

211 3283 347 3335 rerum
376 3257 466 3333 duci
485 3272 667 3358 possent,
700 3258 799 3335 utile
832 3273 872 3334 et
899 3259 978 3336 hoc
998 3263 1049 3338 ad
1074 3265 1204 3341 critica
1231 3267 1335 3344 haec

212 3375 252 3438 et
280 3361 464 3440 litteraria
495 3359 623 3436 studia
654 3385 737 3449 esse
769 3362 995 3444 arbitrabar.
1056 3371 1189 3462 Quem
1222 3373 1336 3448 enim

209 3463 386 3542 fructum
408 3465 498 3540 satis
520 3487 711 3562 magnum
733 3490 779 3540 ex
803 3465 865 3540 his
880 3465 1017 3544 litteris
1031 3470 1229 3568 tulissem,
1259 3477 1336 3555 nisi

85 3565 89 3582 '
210 3569 305 3646 inde
337 3569 515 3645 animum
547 3569 600 3643 ita
630 3593 860 3669 comparare
884 3585 924 3645 et
946 3573 1149 3650 instituere
1173 3575 1337 3655 didicis-

210 3697 315 3766 sem,
351 3686 397 3748 ut
418 3669 587 3748 aliorum
610 3672 781 3748 utilitatis
812 3675 1012 3774 potiorem
1034 3679 1232 3756 rationem
1261 3681 1336 3759 ha-

209 3775 385 3852 bendam
420 3799 504 3851 esse
530 3790 692 3876 putem,
737 3802 857 3877 quam
887 3781 977 3856 vani
1008 3780 1167 3858 alicuius
1187 3799 1335 3886 metus,

210 3903 261 3955 ne
276 3879 555 3954 ¹existimationi
575 3903 691 3954 meae
714 3904 757 3954 ac
778 3879 885 3958 laudi
907 3881 1119 3986 quicquam
1139 3885 1234 3964 inde
1258 3889 1334 3966 de-

113 4079 118 4090 ,
210 3981 341 4080 cedat,
368 3982 467 4056 dum
483 3981 708 4059 inchoatam
738 3996 778 4057 et
797 3983 1034 4087 descriptam
1052 4002 1207 4065 tantum
1231 4017 1335 4094 ope-

207 4109 295 4192 ram
317 4083 474 4185 pnblice
495 4111 702 4188 propono,
736 4087 776 4162 in
807 4111 885 4188 qua
907 4089 1121 4192 unicuique
1142 4091 1258 4172 facile
1282 4099 1335 4172 sit

209 4201 249 4263 et
268 4199 495 4292 promtum,
524 4189 674 4266 habere
695 4187 802 4266 sorte
825 4203 866 4266 et
884 4217 1130 4292 memorare,
1161 4223 1264 4299 quae
1280 4202 1334 4278 ad

208 4315 296 4368 eam
312 4287 600 4390 perficiendam
619 4293 758 4368 deesse
774 4294 936 4394 possint
972 4301 1021 4374 In
1036 4313 1201 4398 promtu
1220 4305 1333 4382 enim

208 4397 281 4471 erit
300 4393 534 4494 unicuique,
565 4397 626 4472 cui
651 4395 772 4472 editio
793 4396 891 4473 mihi
912 4423 995 4476 non
1017 4401 1095 4478 visa
1117 4401 1166 4480 ad
1186 4430 1332 4484 manus
