2652 5032
158 323 719 426 GEORGICONLIB.11‚
747 331 964 410 465-468
1043 337 1116 413 481

31 513 123 588 Dives
140 537 257 614 opum
273 513 488 607 variarum3
510 514 649 591 stlatis
665 516 744 592 otia
758 513 909 614 fundis,

55 699 96 754 468
110 720 140 753 oo
151 701 176 753 in
189 702 262 756 libris
275 721 317 772 ap.
333 703 401 756 Pier.
422 713 450 756 et
461 703 489 756 in
503 704 569 773 lieg.
582 703 688 758 Martia.
723 705 804 758 lastis
816 700 851 757 iu*
859 706 919 758 edd.
934 705 1051 758 Mserob.
1063 709 1119 762 Sat.

32 769 98 832 lli,
114 771 178 840 qood
189 773 297 825 Heinsio
311 773 419 825 arridet.
454 773 570 828 Atesim
584 774 674 827 laetos
689 792 812 846 europae,
830 794 928 848 αὕτως
948 773 1058 846 fundos
1069 794 1119 828 au-

31 849 69 888 ton
78 840 142 892 lotos
158 843 306 909 probandos
322 854 401 911 puto,
426 843 504 896 etiam
523 844 575 895 hoc
596 861 690 908 anso,
710 853 740 894 ot
759 844 812 896 aiut
831 853 963 914 patentes.
997 858 1026 897 et
1039 845 1121 898 locria

31 906 68 958 doo
80 926 115 976 sp.
125 911 206 962 llurm.
218 914 263 1032 §st
276 913 357 964 laesis
371 929 386 964 e
399 912 494 966 Medic.
508 912 584 964 affert
594 914 680 964 iluna.
711 915 809 965 Verum
824 914 895 982 apud
909 915 991 996 regg:
1003 927 1042 996 'ot
1054 915 1121 967 lotio

31 987 101 1028 tutat.
132 979 204 1032 Certe
230 983 300 1034 ostie
313 979 449 1046 Heinsius,
468 980 512 1050 qui
524 981 552 1032 id
565 980 616 1034 sibi
627 981 745 1050 impenso
758 981 875 1034 arridere
887 983 940 1048 ait,
965 983 1120 1036 erraveris-

30 1055 59 1094 set
69 1045 90 1096 in
100 1049 227 1114 Medicas,
250 1067 307 1102 non
316 1051 462 1102 Bur-manno
478 1051 580 1104 demum
601 1052 852 1104 commemorandum
865 1051 1022 1123 reliquisset.
1058 1053 1119 1105 los·

29 1115 139 1168 tamnen
155 1118 231 1170 etiam
243 1121 270 1174 2.
285 1121 311 1175 7.
327 1119 369 1174 14.
391 1119 464 1187 Wr.)
497 1121 575 1174 leeris
589 1120 656 1172 Gud.
672 1135 734 1172 am.
746 1137 787 1188 pr.

28 1257 74 1312 vita
83 1257 187 1334 follere
208 1264 311 1320 nescio
330 1269 375 1319 est
402 1260 482 1320 idom
506 1281 541 1321 so
583 1278 653 1319 men
667 1259 987 1340 interpretatio..Fuit
1000 1261 1049 1322 vir
1062 1261 1120 1322 do-

27 1343 74 1399 vito
89 1363 141 1400 oon
151 1345 272 1422 sallas.
314 1343 377 1404 lam
393 1368 462 1425 spes
480 1369 540 1406 non
584 1355 667 1420 otus,
689 1345 741 1424 qui
758 1346 888 1406 malebat
912 1347 1120 1430 interpretari:

20 1423 104 1500 fallax
116 1438 159 1488 est
172 1440 264 1490 certa.
301 1431 392 1510 Segss
405 1453 465 1491 non
470 1432 540 1510 sal·
581 1430 645 1491 vita
652 1473 661 1505 ‚
683 1449 758 1508 quae
771 1451 832 1490 non
850 1431 942 1508 fallit,
964 1453 1026 1494 non
1037 1433 1120 1509 latet,

26 1511 76 1584 los,
94 1513 189 1574 fallere
207 1515 322 1591 nescia,
351 1525 429 1577 esset·
447 1526 539 1593 certa,
582 1535 644 1580 non
658 1515 759 1594 effugit
779 1516 842 1575 sine
857 1518 970 1578 fructu.
1012 1519 1121 1579 ltata-

26 1593 52 1652 ἂι
64 1617 114 1674 qus
134 1610 231 1662 metus
251 1602 352 1661 nullus
367 1611 426 1678 est3
449 1613 539 1681 atque
581 1620 651 1660 men
665 1600 816 1661 adiectum
836 1602 948 1682 aliquid
963 1603 1120 1680 desideres,

25 1678 353 1766 hineogsrnonsollox.
395 1687 539 1767 Adeoque
581 1685 664 1764 quod
688 1686 728 1748 ad
744 1686 827 1746 illam
846 1688 1001 1749 notionem
1021 1689 1121 1750 ducat

24 1771 71 1824 voa
82 1791 135 1828 non
139 1772 261 1850 sollae,
276 1771 342 1831 vita
354 1782 446 1850 certo,
460 1783 538 1850 tuta,
582 1771 658 1830 Nam
676 1770 795 1831 Horatii
813 1771 826 1831 l
844 1773 899 1852 Ep.
922 1777 976 1849 18,
995 1778 1034 1838 13
1046 1773 1121 1855 sal-

24 1851 91 1911 nullis
111 1857 365 1918 vicissitudinibus
393 1859 538 1934 obnoxia,
580 1857 667 1915 lentis
686 1860 794 1916 semita
813 1859 893 1916 vitae
911 1857 1041 1920 alienum
1061 1869 1122 1938 est;

23 1956 91 2012 quam
119 1949 204 2002 tutus
243 1963 278 2002 ae
312 1962 434 2004 securus
460 1965 537 2024 agas.
579 1941 622 2000 ibi
636 1950 699 2002 est:
725 1961 801 2020 quae
812 1943 902 2019 latet,
925 1944 1052 2006 obseura
1066 1955 1121 2007 est.

23 2019 149 2087 Hactenus
162 2049 235 2088 oum
257 2027 324 2088 viro
339 2027 429 2089 docto
444 2050 539 2110 expo-
580 2027 616 2086 ln
628 2025 711 2087 huno
728 2047 847 2088 sensum
862 2039 1036 2108 expectares
1056 2029 1087 2091 h.
1099 2031 1121 2093 l.

22 2127 70 2168 sss:
94 2131 166 2190 quse
186 2113 429 2194 expectationem
449 2115 487 2175 de
508 2134 540 2174 se
581 2111 692 2188 vitam,
715 2133 790 2192 quae
814 2123 915 2193 potest
938 2116 1058 2193 fallere,
1089 2114 1120 2178 h.
1190 2139 1194 2148 ’

20 2195 139 2274 mens,
161 2219 241 2278 quae
254 2199 379 2279 praebet
392 2220 442 2276 ea,
464 2219 540 2280 quae
581 2217 657 2276 quse
671 2199 756 2274 fallit,
777 2199 861 2260 latet.
905 2197 997 2282 (Siin
1009 2202 1122 2282 priori-

20 2275 101 2342 leila
124 2285 315 2365 expectabas.
357 2285 421 2346 lam
438 2295 540 2346 autem
580 2283 638 2342 bus
652 2305 756 2343 seeum
775 2283 815 2343 ad
833 2284 967 2346 homines
980 2288 1122 2366 pertinet,

18 2359 63 2424 hoc
77 2369 170 2447 ipsum
195 2371 278 2432 inter
304 2370 436 2450 potiores
459 2371 541 2432 vitae
582 2367 634 2447 qui
656 2370 933 2448 quaesusumus,
962 2381 1122 2432 nomenta-

19 2447 102 2512 lsudes
120 2453 270 2534 habetur,
298 2457 380 2534 quod
404 2457 487 2517 nulla
506 2475 541 2517 re
582 2472 673 2512 nsum
687 2461 742 2528 ost,
764 2453 920 2534 epitheton
935 2475 1054 2534 quoque
1066 2477 1121 2514 us-

18 2536 65 2595 o'm
87 2541 216 2602 fructus·
238 2541 392 2602 turbatur.
439 2545 541 2602 Poma
582 2541 647 2597 seio
668 2537 784 2616 follere
813 2539 853 2597 sd
872 2537 1007 2600 homines
1026 2541 1122 2601 vitem

18 2641 62 2679 two
75 2627 203 2688 mendax
216 2628 299 2708 apud
311 2627 472 2688 Horatium
485 2637 540 2704 est,
582 2633 701 2702 agentes
722 2623 843 2700 referri,
870 2623 1051 2704 intelligique
1072 2626 1122 2686 vi-

17 2725 76 2782 qoae
95 2731 168 2772 vera
187 2714 287 2790 canit,
313 2721 462 2792 quatenus
477 2714 541 2772 lats
581 2717 646 2768 tam
667 2707 791 2770 liberam
816 2729 834 2766 a
848 2707 924 2768 dolis
941 2719 972 2769 et
988 2711 1122 2788 sellonis,

18 2803 82 2852 ceta
96 2817 129 2856 ac
141 2798 206 2858 fixa
219 2807 298 2860 suut
342 2799 381 2860 Et
391 2797 471 2857 hano
485 2817 541 2858 ex-
582 2793 613 2855 h.
627 2813 651 2854 e.
665 2793 889 2873 cupiditatibus.
910 2793 1056 2856 Exhibuit
1066 2796 1122 2874 igi-

15 2877 191 2954 plicationem
218 2885 339 2944 Servius
359 2883 453 2943 altero
474 2883 540 2944 looo
581 2888 634 2940 tur
647 2879 850 2939 Maroneam
875 2889 977 2940 matu
997 2901 1123 2942 vacuam

15 2967 114 3038 pontit:
136 2982 195 3029 aut
215 2972 359 3051 quoniam
382 2967 542 3028 immobilis
583 2975 615 3025 et
644 2963 917 3044 cupidinibus3
950 2975 982 3025 et
1010 2986 1044 3032 aa
1067 2965 1123 3026 de-

14 3062 47 3106 est
69 3065 164 3114 stuata
184 3059 266 3116 auae
294 3075 416 3128 somme
451 3051 542 3112 mba-
583 3069 668 3110 mum
702 3059 748 3110 est
779 3051 845 3110 site
874 3049 972 3112 beata.
1003 3047 1124 3135 Wcl.)

13 3155 104 3196 sonam
117 3143 200 3198 ossio
214 3143 278 3200 vito
291 3151 346 3198 ouo
359 3137 543 3198 medanam
584 3134 658 3200 468.
685 3155 778 3215 opum
806 3138 970 3196 versunam.
1007 3137 1123 3218 Repre-

9 3227 214 3302 proscriptione
236 3227 380 3286 vmiatur.
420 3221 469 3282 ld
481 3223 545 3282 lie-
585 3219 732 3281 tenditur
751 3219 907 3299 epitheton
929 3221 966 3281 ab
994 3221 1038 3283 ill
1056 3223 1123 3282 Ho-

12 3306 75 3367 siotl
90 3305 180 3390 Ἔργ.
207 3314 271 3374 227
291 3329 354 3388 sqq.
382 3311 546 3389 respexisse
586 3305 875 3382 mio'l'om.lll‚o21
897 3309 994 3366 Elem.
1015 3309 1122 3382 aium,

13 3393 130 3466 putabat
142 3396 280 3455 Ursinus.
324 3393 373 3454 ld
388 3395 481 3456 verba
494 3403 545 3453 ts-·
586 3401 740 3470 tamquam
761 3392 848 3450 nimis
868 3391 971 3452 laxum
990 3393 1123 3470 adeoque

10 3495 68 3536 men
86 3479 163 3540 nihil
183 3481 255 3541 inde
266 3481 400 3540 lucreris.
443 3481 500 3539 Per
513 3497 544 3538 se
586 3495 746 3554 enervum3
781 3475 916 3536 debuisse
946 3477 1024 3536 enim
1052 3495 1146 3556 opes-

11 3559 82 3622 dicta
96 3566 217 3644 sollers
240 3569 342 3626 nescio
365 3567 430 3626 osta
446 3565 544 3644 pluri·
585 3561 735 3642 sigillstim
762 3563 912 3638 enarrari,
940 3572 994 3622 aut
1028 3582 1123 3624 unum

10 3643 56 3707 bus
73 3651 176 3712 modis
192 3651 286 3732 accipi
301 3651 411 3732 possit;
432 3659 470 3710 ut
481 3648 511 3709 h.
523 3649 544 3710 l.
586 3667 678 3726 opum
708 3665 800 3726 genus
822 3648 911 3727 poni,
940 3667 1002 3707 non
1023 3657 1123 3707 autem

9 3753 119 3814 quoque
136 3739 261 3798 sactum.
283 3737 379 3817 Vulgo
395 3735 546 3815 accipiunt
586 3733 732 3792 incertam
757 3742 788 3792 et
808 3731 1005 3794 fluctuantem
1023 3732 1123 3792 notio-

8 3817 57 3896 sio,
85 3831 124 3881 ut
145 3823 188 3880 sit
209 3823 340 3884 innocua
361 3817 434 3903 (soil.
453 3829 488 3880 ut
507 3821 547 3880 sit
587 3837 657 3878 nem
669 3817 796 3878 admitti.
831 3818 946 3898 Arguta
954 3816 1030 3878 haee
1043 3825 1123 3895 sunt,

8 3905 61 3963 sita
76 3906 254 3983 hominum,
286 3907 339 3987 qui
353 3927 415 3966 non
428 3906 547 3982 fallunt,
589 3923 651 3963 non
663 3921 782 3983 negem;
804 3905 936 3984 argutius
948 3912 1059 3979 tamem
1075 3903 1124 3964 vi-

8 3989 145 4052 lraudum
160 4001 299 4080 expertes
311 4002 398 4068 sunt;
413 3990 548 4050 homines
591 3987 677 4064 dere,
702 3988 776 4068 poni
795 4008 813 4045 a
833 3999 923 4067 posta
941 3989 1039 4068 primo
1056 3987 1124 4048 loeo

8 4075 179 4160 simplices):
203 4079 352 4138 sententis
364 4076 485 4156 quidem
494 4095 549 4136 vs-
590 4093 697 4154 genus‚
725 4081 789 4132 tum
809 4073 913 4132 subiici
936 4093 1005 4152 opes
1023 4074 1123 4152 singu-

8 4179 47 4234 n,
68 4183 149 4242 quae
166 4164 239 4224 etin
253 4164 354 4224 culice
366 4161 548 4225 occmsitra
589 4159 647 4219 les:
669 4157 773 4232 otium,
796 4167 897 4231 antra,
916 4165 971 4218 sto
1011 4157 1125 4218 Felellit

10 4244 144 4328 Otioqus
176 4249 294 4310 masiliis
329 4249 484 4326 degentem
521 4257 549 4304 st
589 4245 671 4304 viros
691 4242 813 4319 doctos,
845 4237 927 4320 quod
950 4261 1012 4302 non
1038 4243 1124 4302 vide-

8 4331 113 4404 fmus
142 4347 267 4394 remota.
313 4331 353 4394 Et
381 4350 452 4392 sane
472 4333 547 4406 osta,
588 4338 681 4404 runt,
702 4327 746 4386 As
768 4325 799 4386 h.
815 4327 911 4386 lassa
928 4345 985 4404 pro
998 4327 1125 4386 formula

8 4415 81 4494 βίος,
103 4437 167 4498 pro
180 4417 359 4480 hominibus.
402 4417 547 4478 lrurats-
587 4411 766 4488 sententiae,
794 4409 846 4471 sed
874 4429 943 4470 cum
967 4411 999 4472 vi
1018 4411 1125 4490 aliqua,

51 4521 215 4596 Vmom.
241 4519 347 4593 Tou
373 4519 403 4596 Ι.
868 4511 920 4588 81
