2758 4990
223 333 581 410 GEORGICON
607 334 712 412 LIB.
729 335 801 430 IV,
822 339 1039 416 sss-235
1116 343 1191 414 683

64 523 147 595 Aut
169 515 312 596 cadem
328 517 436 595 sidus
450 516 606 618 fugiens
619 520 689 596 ubi
704 520 823 596 Piscis
839 521 977 621 aquosi

66 621 237 697 Tristior
253 620 441 698 hibernas
461 622 575 699 coelo
597 622 804 699 descendit
818 624 859 698 in
875 622 1012 702 undas,
1115 628 1193 734 235

102 807 157 864 234
174 811 262 862 Piscis
281 812 383 863 miseris
400 811 462 863 Mss.
481 809 582 862 Barthii
602 811 630 862 in
648 809 712 862 Λᾶν.
728 813 870 876 XXXVII,
887 813 905 866 6
924 830 981 865 cam
1002 812 1103 881 glossa,
1125 829 1193 882 quse

64 878 182 929 fabulam
203 879 313 932 Veneris
326 880 451 950 Typhoei
463 890 535 931 metu
555 879 583 931 in
601 879 700 950 piscem
717 890 833 932 mutatae
848 881 969 950 respicit;
992 881 1077 952 inepti
1090 881 1193 934 librarii

64 965 114 998 sen
126 948 288 1016 grammatici
301 967 416 1001 acumen.
451 967 572 1020 aquosus
593 955 648 1015 est,
673 949 717 1020 qui
733 967 830 1020 aquas,
848 949 964 1018 imbres,
980 951 1105 1004 concitat.
1122 951 1192 1004 coni.

65 1018 130 1068 lixo.
145 1016 180 1068 ad
194 1017 220 1068 b.
236 1017 255 1069 l.
268 1019 317 1070 aab
331 1018 375 1070 ssu.

3 1203 4 1208 ¹
109 1175 185 1238 234.
210 1175 283 1240 235.
315 1174 355 1234 Et
378 1174 434 1235 sub
461 1195 607 1252 occasum,
650 1174 710 1254 egit
729 1175 906 1234 Mollwes'de
928 1175 959 1236 in
983 1176 1192 1236 dissertatione

3 1265 4 1268 ’
64 1258 164 1336 quiin
182 1259 222 1318 Vl
237 1259 308 1319 Idus
321 1260 497 1320 Novembris
511 1262 608 1320 reser-
650 1260 807 1340 inscripta:
829 1264 880 1320 De
899 1263 1005 1338 Pisce,
1038 1284 1126 1342 quem
1139 1283 1193 1321 oo-

3 1353 5 1382 ⁷
64 1352 137 1420 tur,
172 1345 234 1404 vid.
263 1346 377 1405 Colum.
403 1345 476 1407 ibid.
502 1345 534 1427 5.
556 1345 607 1410 84.
650 1346 751 1404 cidem
773 1348 879 1405 Pleias
887 1345 997 1425 sugit,
1027 1348 1139 1407 inserta
1152 1347 1191 1406 li-

65 1430 146 1488 conl.
167 1433 217 1494 77.
239 1434 290 1494 78.
310 1431 386 1490 Ptin.
404 1431 517 1506 XVIII,
536 1440 607 1491 sect.
649 1431 748 1490 bello:
783 1431 1047 1490 Commentatsbnes
1067 1432 1191 1491 Mathe-

65 1515 109 1580 59
123 1524 155 1574 et
170 1519 221 1579 60.
230 1517 307 1575 conl.
320 1537 385 1596 sup.
398 1517 435 1576 ad
445 1518 496 1576 Ge.
505 1517 607 1593 I,221.
649 1517 1000 1595 usatica-Philologs'cae
1013 1530 1080 1576 tres.
1098 1521 1190 1582 1813.

3 1611 7 1646 ²
63 1599 143 1660 Vide
156 1601 396 1661 etPontederam
410 1601 529 1680 Antiqq.
543 1603 608 1661 Lat.
650 1601 687 1675 Is,
707 1602 867 1681 explanata
881 1601 1093 1681 significatione
1106 1603 1191 1663 verbi

3 1727 7 1736 -
64 1695 98 1744 et
108 1687 160 1744 Gr.
175 1705 205 1764 p.
216 1685 287 1762 247,
311 1697 341 1746 et
354 1688 475 1748 Gesner.
490 1687 528 1746 de
540 1687 608 1766 Hy·
641 1686 771 1765 fugere,
799 1687 881 1764 quod
898 1687 934 1746 de
949 1688 1046 1748 sidere
1059 1709 1192 1768 usurpa-

3 1789 6 1822 ῑ
63 1771 150 1851 perb.
164 1771 204 1830 ad
219 1771 313 1852 Orpb.
326 1793 391 1852 pag.
400 1773 473 1848 470,
482 1783 513 1832 et
525 1791 608 1832 nunc
649 1781 702 1830 tur
716 1772 871 1848 occidenti,
893 1771 1036 1833 ubialiud
1051 1774 1192 1854 apparuit

3 1875 6 1906 =
63 1857 148 1916 PIaff.
169 1855 206 1916 de
221 1856 287 1918 Ort.
305 1868 337 1917 et
353 1859 456 1918 Occas.
471 1858 526 1917 sid.
541 1878 606 1938 pag.
648 1857 698 1916 vel
715 1877 805 1938 super
825 1857 1011 1918 horizontem
1026 1859 1190 1934 adscendit,

64 1943 109 2008 59
125 1961 169 2020 sq.
210 1943 275 2001 Aut
297 1943 350 2002 uti
376 1945 481 2002 eadem
512 1944 606 2003 Pleias
649 1943 769 2001 I'iscem
790 1946 905 2002 notium
926 1945 989 2004 sive
1017 1945 1191 2020 annualem,

3 2065 5 2080 .
65 2026 219 2086 descendit
251 2031 349 2105 coelo,
388 2029 515 2104 occidit,
550 2033 606 2088 ιη’-
650 2026 770 2106 dequo
795 2029 861 2088 iam·
883 2031 1003 2090 Servius
1032 2031 1190 2110 cogitavit,

3 2125 6 2172 ἰ
63 2115 152 2187 atior,
178 2112 248 2190 quia
262 2114 357 2190 tristi,
378 2114 513 2194 ingrato,
535 2114 608 2174 anni
647 2113 873 2193 intelligendum
894 2133 955 2174 esse
970 2118 1086 2177 statuit.
1120 2115 1192 2175 Pius

3 2219 10 2256 :
63 2209 224 2279 tempore,
258 2203 291 2258 sis
320 2200 418 2258 undas
449 2200 605 2276 bibemos,
649 2200 728 2258 enim
753 2209 855 2260 ortum
872 2203 1077 2280 vespertinum
1100 2219 1191 2282 super

3 2309 9 2344 t
64 2285 293 2364 tempestatibus
318 2295 467 2362 vexatas,
497 2286 608 2364 quippe
648 2283 807 2344 horizonte
824 2286 926 2344 Italico
944 2288 1123 2364 praecedere
1137 2307 1191 2346 oc·

3 2397 11 2430 ¹.
64 2389 167 2429 mense
188 2370 359 2430 Novembri.
401 2371 436 2430 ln
453 2389 534 2430 mare
552 2389 609 2428 au·
649 2389 750 2430 casum
762 2370 945 2429 matutinum
958 2371 1084 2432 Pleiadis
1094 2372 1190 2451 spatio

3 2487 6 2516 ι
63 2466 180 2530 temes
208 2456 337 2514 condere
360 2455 457 2514 videri
481 2463 609 2534 possunt
650 2455 793 2534 temporis
807 2454 891 2514 baud
909 2454 1074 2516 admodum
1093 2457 1190 2542 longo,

64 2541 165 2602 sidera
187 2541 362 2601 occidentia.
381 2539 512 2620 fugiens
524 2540 607 2598 sidus
649 2548 686 2598 ut
702 2539 796 2598 Pleias
815 2540 961 2598 matutine
981 2541 1118 2601 occidens
1138 2541 1190 2600 Pi:

63 2629 166 2686 Piscis
195 2631 328 2706 aquoss',
363 2624 608 2704 quandoquidem
649 2644 729 2682 seem
741 2625 857 2684 notium
867 2627 1035 2703 vespertino
1046 2636 1115 2687 ortu
1127 2625 1191 2686 ori-

4 2747 11 2780 ι,
62 2712 259 2772 isPleiadum
274 2713 348 2772 situs
361 2721 406 2770 est
420 2711 452 2772 in
466 2711 557 2785 caelo,
571 2719 607 2770 ut
649 2718 746 2770 eutem
764 2711 864 2790 sugere
883 2709 942 2769 dici
955 2721 1052 2788 queat
1096 2711 1191 2772 Simul

63 2799 143 2858 alter
158 2798 287 2858 Piscium
306 2817 354 2856 eas
370 2817 386 2856 a
404 2806 486 2876 tergo
501 2815 606 2875 urgere
649 2794 805 2856 ostendere
832 2806 958 2856 conatus
987 2806 1049 2872 est,
1074 2798 1191 2857 Piscem

5 2919 9 2930 ν
63 2894 97 2943 et
115 2884 232 2962 insequi
254 2883 351 2943 sideri
372 2883 483 2962 possit,
511 2890 607 2960 utque
646 2881 765 2940 notium
773 2881 854 2942 nude
867 2883 986 2940 Piscem
998 2885 1190 2963 appellatum,
1255 2952 1260 2962 .

5 3005 9 3038 2
63 2969 142 3029 adeo
155 2991 217 3029 nou
232 2969 270 3028 sit
285 2968 322 3027 de
337 2969 534 3046 subsequente
550 2967 606 3026 ab·
648 2966 770 3044 eiusque
785 2967 817 3026 in
830 2965 1095 3046 significationibus
1110 2980 1191 3029 tem-

63 3076 127 3134 quo
147 3055 239 3114 Piscis
258 3073 366 3115 occasu
385 3053 607 3132 accipiendum;
648 3061 797 3133 pestatum
819 3054 965 3113 rationem
983 3053 1122 3116 habuisse
1135 3075 1191 3115 ve·

5 3183 8 3214 ι
63 3141 118 3200 sed
149 3140 187 3199 ds
206 3140 360 3200 Pleiadum
388 3159 494 3198 occasu
520 3140 608 3198 unice
649 3147 738 3197 teres.
782 3140 895 3199 Contra
918 3139 996 3199 hano
1020 3141 1191 3221 opinionem

5 3271 8 3300 ,
63 3237 189 3306 agatur,
217 3245 293 3304 quae
307 3227 340 3285 in
353 3224 478 3304 sphaera
496 3225 540 3284 its
553 3245 609 3286 ex-
650 3223 682 3282 in
695 3223 794 3284 libello
810 3227 944 3284 Monatl.
968 3227 1101 3306 Οοινεερ.
1121 3229 1191 3287 hers·

6 3351 8 3386 ς
61 3331 185 3394 pressae
206 3321 295 3388 sunt,
316 3320 353 3370 ut
368 3331 445 3390 pone
465 3329 513 3368 sas
525 3311 609 3392 posi·
650 3311 1189 3388 aaseg.v.ZaclsDecemhr.1818.

63 3409 115 3458 tus
130 3398 170 3456 sit
184 3397 260 3456 alter
272 3417 309 3454 ex
316 3397 458 3456 Piscibus
480 3397 609 3456 Descen-
649 3415 680 3474 p.
695 3393 768 3459 544.
776 3416 839 3474 sqq.
855 3401 941 3455 acute
956 3407 987 3456 et
1001 3417 1071 3456 vere
1085 3398 1191 3477 dispu-

6 3527 9 3558 2
63 3484 114 3544 dit
141 3483 243 3563 itaque
270 3483 377 3558 Pleias,
408 3483 456 3542 cui
480 3501 497 3540 a
524 3493 607 3562 tergo
648 3479 1066 3562 tavitvirprasstantissimus
1085 3485 1190 3558 Idekr,

6 3613 8 3644 ,
62 3570 185 3631 vicinus
206 3577 250 3626 est
272 3569 379 3642 Piscis,
410 3567 609 3649 expositum
650 3565 779 3642 docens,
808 3578 942 3647 tempore
964 3568 1075 3646 Virgilii
1089 3577 1191 3628 ortum

7 3723 9 3726 ,
62 3655 201 3736 sphaera.
236 3654 412 3713 Ulteriorem
430 3651 609 3714 declaratio-
650 3651 739 3710 Piscis
761 3654 965 3734 vespertinum
993 3653 1139 3712 visibilem
1158 3655 1191 3712 in

62 3763 136 3802 nem
157 3739 220 3799 vid.
242 3740 272 3798 in
298 3741 436 3799 Excursu
459 3739 498 3797 ad
524 3738 555 3798 la.
578 3761 609 3799 v.
652 3737 731 3797 diem
749 3738 799 3798 Ill.
817 3749 886 3798 ante
906 3739 1026 3799 Calend.
1046 3741 1137 3818 Sept,
1159 3748 1192 3798 at

62 3828 117 3887 ubi
149 3845 215 3885 earn
245 3827 392 3905 exposui,
430 3845 497 3883 cum
528 3826 610 3884 nulla
652 3843 791 3882 occasum
827 3825 1010 3884 matutinum
1044 3825 1191 3884 visibilem

63 3913 234 3994 cssiuspiam
248 3911 485 3971 contumeliavel
499 3912 610 3970 verbo·
651 3909 807 3968 Pleiadum
834 3910 866 3968 iu
892 3911 969 3969 diem
989 3911 1097 3970 XVIII.
1121 3921 1191 3970 ante

62 4019 136 4060 rum
161 3999 320 4057 calumnia.
362 3997 457 4056 Mirus
486 4007 531 4056 est
550 3995 610 4056 lao-
652 3995 774 4054 Calend.
794 3995 946 4056 Decembr.
967 3997 1121 4074 incidisse3
1149 3997 1191 4056 ita

62 4087 182 4146 missum
197 4105 277 4158 mos,
300 4081 351 4162 qui
374 4081 497 4141 alterius
516 4083 610 4163 epulis
653 4100 744 4156 vero,
773 4101 842 4140 ctam
869 4081 1130 4142 alterius'occasus
1153 4083 1191 4142 ab

63 4173 172 4250 repleti
186 4191 252 4230 ossa
265 4168 354 4227 adesa
370 4169 402 4227 in
421 4167 483 4226 eius
500 4189 533 4227 os
547 4169 608 4228 illi-
651 4175 722 4226 ortu
747 4167 868 4226 alterius
896 4168 1014 4229 duobus
1041 4170 1191 4229 mensibus

65 4257 154 4318 dunt.
199 4256 263 4315 Hos
281 4255 313 4312 in
326 4253 480 4314 Musarum
498 4263 608 4314 contu·
651 4262 682 4311 et
692 4251 816 4311 dimidio
830 4253 929 4330 distet,
942 4255 1092 4316 notionem
1106 4255 1192 4315 verbi

63 4343 171 4404 bernio
184 4343 295 4402 vixisse
312 4339 378 4417 quis
394 4359 527 4416 unquam
541 4359 608 4399 cre-
641 4337 754 4417 fisgere
776 4338 902 4398 alienam
922 4359 1000 4418 esse;
1021 4359 1118 4422 neque
1137 4359 1186 4400 se-

65 4429 142 4490 dati
171 4427 227 4510 (De
244 4425 381 4488 versibus
403 4429 463 4490 231
481 4425 608 4491 -285,
650 4433 730 4484 teres
743 4423 832 4484 Piscis
844 4423 1192 4512 notiiinssepsmiypsss
