2784 4988
374 339 645 415 PHILIPPI
670 340 973 420 WAGNERI.
1189 367 1230 417 tx

95 552 296 641 possem,
332 555 414 611 eos
444 529 588 635 locos,
627 530 709 616 ubi
738 532 803 616 illi
833 529 1119 638 dissentiunt,
1151 531 1231 618 de-

96 670 182 725 nno
220 643 500 759 inspiceret,
540 676 629 760 quo
658 649 972 764 intelligerem,
1009 649 1100 735 utri
1128 652 1228 767 plus

93 759 197 844 fidei
237 761 515 848 habendum
560 783 685 850 esset.
751 767 837 852 Hic
877 795 905 852 a
942 793 1014 850 me
1049 769 1228 884 publice

93 879 263 989 gratiae
298 881 505 992 agendae
523 899 626 966 sunt
650 884 684 968 F
690 884 969 1000 reytagio,
999 883 1107 968 Viro
1127 882 1230 972 Cla-

92 995 302 1104 rissimo,
332 997 650 1117 Dorpatiensi,
688 1000 938 1086 Russorum
968 1001 1230 1120 Imperatori

92 1138 121 1196 a
149 1115 385 1223 consiliis,
428 1119 524 1230 qui,
563 1117 737 1204 ltaliam
762 1137 941 1236 petens,
970 1120 1241 1205 liberalissi-·

6 1226 8 1241 ’
89 1257 163 1315 me
195 1259 340 1318 suam
378 1235 493 1320 mihi
522 1236 726 1353 promisit
756 1266 964 1355 operam3
1002 1265 1084 1322 nec
1113 1240 1231 1322 mul-

5 1348 7 1373 *
89 1365 188 1433 tum
209 1349 536 1438 intercesserat
552 1355 788 1472 temporis,
822 1385 961 1468 quum
978 1384 1060 1472 per
1077 1356 1228 1442 literas

5 1482 6 1509 ¹
90 1468 343 1554 certiorem
372 1471 535 1558 illeme
563 1474 666 1556 lecit
698 1473 754 1558 de
769 1473 844 1580 iis,
877 1499 993 1586 quae
1016 1472 1131 1557 scire
1151 1501 1230 1558 cu·
1290 1501 1296 1512 “

89 1586 288 1699 pieram.
349 1587 579 1674 Dederam
607 1589 717 1676 Viro
745 1591 1067 1682 officiosissimo
1100 1591 1230 1675 char-

88 1703 256 1808 tulam,
293 1703 345 1788 in
365 1734 456 1818 qua
472 1709 594 1796 locos
627 1711 878 1827 complures
901 1738 923 1792 e
942 1707 1169 1794 Bucolicis
1187 1724 1229 1793 et

93 1817 336 1938 Georgicis
367 1841 646 1934 notaveram,
678 1855 868 1940 quorum
891 1853 1006 1939 quae
1037 1842 1150 1910 esset
1179 1826 1229 1912 in

89 1934 310 2026 Mediceo
328 1942 564 2058 scriptura,
596 1945 785 2030 dubium
800 1944 1041 2057 reliquerat
1056 1941 1229 2027 Heinsii

92 2075 133 2140 et
148 2057 363 2175 Fogginii
393 2059 621 2147 dissensio.
680 2062 776 2148 lam
792 2061 963 2176 egregio
980 2060 1079 2144 Viri
1100 2055 1228 2178 Opti-

91 2175 156 2258 mi
173 2175 405 2261 beneficio
437 2178 524 2262 hoc
542 2180 704 2286 debeo,
734 2196 786 2263 ut
803 2180 970 2292 ubique
989 2208 1146 2264 verum
1161 2178 1229 2264 vi-

93 2291 212 2378 disse
245 2293 312 2378 Fo
344 2293 518 2409 ginium
547 2297 851 2416 cognoverim,
881 2313 1057 2414 praeter
1085 2326 1227 2382 unum

92 2411 269 2517 loctun,
306 2325 389 2498 (le.
423 2411 506 2520 lV,
543 2423 635 2524 14,
665 2415 746 2502 ubi
775 2444 915 2528 quum
929 2413 1139 2500 Heinsius
1172 2415 1227 2498 ab

94 2531 288 2614 stabulis
305 2530 357 2613 in
371 2527 576 2618 Mediceo
608 2551 783 2619 exstare
801 2549 921 2618 recte
943 2532 1095 2644 utique
1111 2536 1228 2616 refe-

94 2665 181 2754 rat,
203 2647 340 2765 apud
356 2647 618 2764 Fogginium
635 2651 863 2736 estabelis
880 2649 1051 2763 legitur.
1084 2643 1228 2752 Quid-

95 2766 204 2877 quid
224 2766 369 2875 igitur
384 2765 433 2850 in
450 2765 656 2854 Mediceo
674 2768 943 2886 Fogginiano
964 2765 1226 2852 diversitatis

93 2883 308 2968 nondum
338 2881 563 2974 indicatae
594 2887 763 3005 reperi,
794 2885 842 2968 id
859 2883 1091 2998 diligenter
1122 2912 1228 2968 eno-

93 3003 205 3108 tavi3
249 3027 400 3114 eaque
437 3031 508 3089 res
539 3033 673 3122 saepe
709 3001 896 3088 mirifice
933 3029 1004 3084 me
1044 2999 1226 3088 adiuvit.

96 3119 345 3237 Supersedi
375 3135 546 3228 tamen,
575 3153 631 3206 nc
651 3121 808 3240 putida
839 3137 880 3206 ct
909 3119 1095 3206 molesta
1124 3120 1227 3203 reli-

95 3237 228 3352 gione
239 3236 479 3322 fastidium
489 3267 690 3324 crearem
707 3238 862 3323 lectori
880 3236 1067 3343 erudito,
1081 3235 1227 3320 deter-
1272 3350 1275 3356 Ι

95 3357 211 3440 rima
233 3354 377 3439 ctiam
397 3355 649 3442 describere
666 3356 792 3461 vitia,
824 3353 954 3467 quale
975 3361 1123 3468 quaeri
1143 3383 1225 3470 pro

96 3479 215 3588 queri
234 3471 370 3557 ethis
388 3473 563 3560 similia.
594 3475 684 3560 Nec
707 3501 823 3586 quae
839 3472 898 3557 ad
914 3471 1058 3556 solam
1075 3475 1227 3556 ortho-

97 3591 338 3710 graphiam
358 3608 561 3707 spectant
576 3591 728 3677 variae
746 3590 969 3695 lectiones,
1001 3589 1039 3673 si
1057 3615 1225 3706 paucas
1248 3589 1250 3594 ’

98 3709 321 3823 quasdam
353 3709 548 3827 excipis,
585 3737 699 3822 quas
729 3709 844 3794 scire
881 3705 1057 3792 lectoris
1087 3705 1227 3822 pluri-

96 3857 216 3914 mum
235 3829 459 3914 interesse
473 3827 730 3936 videbatur,
760 3826 870 3910 huic
903 3822 1087 3908 editioni
1108 3822 1227 3907 inse-

97 3947 172 4032 rui.
205 3945 264 4034 Ut
281 3965 443 4033 tamen
458 3971 551 4028 una
568 3973 685 4030 exre
706 3958 1058 4056 cognosceretur,
1089 3968 1226 4052 quam

95 4063 363 4155 lacerarent
396 4063 487 4148 hoc
502 4060 550 4146 in
571 4093 729 4180 genere
748 4060 852 4146 libri
871 4057 1004 4146 etiam
1020 4058 1227 4144 vetustis·
1355 4167 1361 4184 Ι

94 4184 205 4294 simi,
237 4186 537 4292 ubicumque
569 4178 872 4266 accusativum
901 4193 997 4262 tert.
1019 4175 1224 4260 declinat.

91 4301 199 4392 ines
217 4305 297 4392 vel
313 4307 382 4387 -ie
399 4297 689 4386 terminatum
706 4313 860 4384 contra
876 4290 1073 4382 Medicei
1090 4291 1226 4376 fidem
