2660 5002
183 437 481 514 BUCOLICA
513 439 635 518 ECL.
657 428 722 538 IV,
749 445 915 524 54-61
1032 455 1103 530 145

35 625 92 696 Pan
107 621 221 719 etiem,
247 623 409 700 Arcadia
423 650 585 702 mecum
600 627 631 700 si
647 627 776 705 iudice
790 646 924 730 certet,

34 729 91 799 lan
105 726 205 800 etiarn
218 727 380 803 Arcadia
396 728 497 804 dicat
510 753 552 804 se
566 729 694 806 iudice
710 734 865 813 victum.

34 829 150 926 Incipe,
172 855 286 928 parve
303 857 422 931 puer,
450 833 530 907 risu
550 856 790 931 cognoscere
806 852 991 919 matrem:
1053 852 1102 922 60

33 933 115 1006 lintri
126 931 231 1030 longa
248 933 389 1012 decem
404 935 581 1012 tulerunt
596 935 747 1014 fastidia
763 965 931 1022 menses.

67 1076 112 1146 60.
136 1091 308 1164 nennnnr3

32 1257 182 1326 Orpheozss.
214 1261 345 1330 Spohuine
360 1261 461 1314 scribit:
487 1264 580 1326 „Bene
596 1265 709 1334 Orphei3
735 1265 814 1317 modo
828 1266 1016 1342 δισυλλάβως
1029 1270 1105 1338 lege-

32 1335 67 1376 ur:
80 1329 118 1378 cfr.
129 1331 217 1399 Georg.
229 1334 273 1396 tv,
289 1330 350 1387 546.
369 1333 430 1386 553.
448 1341 476 1382 ut
492 1333 591 1395 Terei,
609 1333 730 1386 Peree‘t.“
752 1335 824 1402 Wr.)
891 1341 926 1395 58
942 1341 1002 1391 Pon
1016 1343 1104 1404 etium,

32 1399 72 1444 lu.
91 1396 176 1450 firmo
187 1403 220 1451 eb
233 1401 343 1452 Heinsio
358 1400 471 1451 omnium
485 1401 550 1452 libb.
569 1401 664 1464 lectio,
689 1415 798 1472 excepto
813 1422 864 1456 uuo
879 1409 999 1476 oblongo
1012 1409 1104 1460 Pierii:

30 1463 94 1532 inquo
108 1469 161 1518 Pmr
176 1470 257 1534 deus,
282 1471 352 1538 quod
369 1469 429 1521 hine
451 1470 556 1538 irrepsit
576 1471 603 1522 iu
623 1471 682 1523 edd.
698 1472 847 1538 Pulmenu.‚
872 1488 899 1528 et
915 1477 975 1529 hinc
991 1477 1017 1530 iu
1033 1479 1105 1530 ulier.

29 1533 196 1607 Potestqnoqne
215 1539 379 1608 interpnugi:
405 1543 480 1600 Pon,
504 1543 586 1592 etium
602 1542 723 1593 Arcadia
743 1561 842 1595 mecum
863 1549 889 1596 ei
906 1548 995 1598 iudice
1013 1561 1105 1610 certet,

29 1603 69 1652 Per
80 1609 148 1656 etim
159 1611 192 1659 A.
222 1612 248 1660 si
258 1612 276 1661 i.
291 1621 384 1660 emim
397 1607 561 1661 Aurelvict.
575 1610 687 1678 deOrig.
700 1622 771 1678 gent.
784 1614 858 1665 Rom.
871 1617 897 1678 5,
911 1617 1050 1668 memoriae
1063 1617 1106 1668 ri-

29 1671 59 1720 50·
109 1677 141 1730 59
157 1678 226 1728 dicet
237 1678 357 1729 nonnulli
368 1696 409 1745 ep.
422 1679 511 1730 Heius.
548 1681 614 1748 (lloe
629 1679 819 1748 recepitVoee.
846 1685 898 1736 Sed
909 1685 1003 1738 lortius
1017 1688 1104 1750 dicon

28 1739 115 1794 ieron
127 1747 223 1812 poterit
237 1765 290 1798 non
304 1747 400 1798 victum
415 1767 444 1799 ee
459 1749 549 1800 fateri:
575 1768 605 1799 er
617 1751 705 1800 minse
719 1751 776 1801 eicit
783 1749 839 1832 frit
860 1752 1040 1806 niberwunden
1058 1775 1105 1807 er-

27 1809 103 1862 ilem.
128 1815 195 1882 We.)
265 1817 298 1871 61
317 1817 444 1868 tulerunt
461 1826 604 1886 agnoscunt
624 1819 805 1883 Grammatiet,
823 1820 922 1875 Probus
939 1835 966 1874 et
980 1825 1106 1890 Donatus,

26 1881 149 1947 autom,
165 1885 190 1935 in
211 1904 232 1937 r.
247 1887 322 1937 Rom.
338 1895 365 1936 rt
381 1887 448 1938 Gnd.
483 1887 712 1940 Mele'metuenter
725 1897 810 1942 metro
831 1890 887 1942 elii:
911 1893 1040 1959 tulerint,
1057 1905 1105 1946 to·

26 1947 96 2001 ierne
111 1903 270 2007 peregrim
283 1955 350 2025 legi,
368 1955 442 2008 addit
456 1957 569 2010 Servius.

53 2129 190 2194 60-68.
213 2131 337 2209 Incipe,
356 2155 392 2210 p.
409 2136 528 2210 p.‚n'm
569 2133 708 2214 prodire,
736 2143 767 2193 et
794 2135 896 2196 oculos
925 2138 956 2198 in
978 2147 1106 2198 metmm

25 2229 159 2286 cognomen
190 2229 326 2274 matrem.
385 2218 529 2277 Desiderii
570 2220 730 2294 coniicere,
753 2239 876 2300 eumque
892 2223 975 2301 queri
988 2243 1025 2282 ex
1037 2222 1105 2300 hoe,

24 2293 171 2372 impatientia
182 2311 275 2382 poete
287 2300 459 2365 ἐνθουσιῶν
474 2304 528 2364 vix
569 2305 651 2382 quod
663 2305 719 2364 tibi
733 2323 767 2375 en
790 2308 918 2384 arridet,
941 2329 1105 2388 agnoscere.

25 2399 107 2442 norem
117 2387 171 2446 lert
177 2432 186 2462 ,
209 2387 293 2465 quod
312 2389 400 2446 fausti
419 2389 528 2448 saeculi
569 2390 719 2449 Poeticum
735 2409 852 2452 sensum
866 2393 905 2450 ed
919 2395 990 2454 talia
1002 2395 1107 2454 afferre

25 2463 81 2524 initia
96 2473 225 2532 nondum
247 2493 388 2532 exorsum
416 2473 527 2534 hebere
569 2493 686 2534 neeesse
699 2484 752 2534 eet.
797 2473 948 2556 (Nondum
961 2481 1107 2540 tamenin

25 2549 93 2626 ridet,
114 2577 177 2617 oum
190 2559 280 2638 pueri
291 2559 439 2618 netelibue
453 2581 528 2618 cou—
569 2581 653 2620 ouem
665 2561 842 2620 sententium
849 2583 897 2620 me
910 2563 1043 2642 lleyniue
1051 2565 1107 2622 ad-

25 2633 102 2700 itntte
145 2643 269 2722 Vulgari
295 2645 411 2704 ratione
435 2654 527 2704 erret:
571 2646 674 2721 duxit,
697 2655 727 2704 et
745 2645 892 2705 veriorem
912 2647 1012 2707 adhue
1032 2657 1106 2728 puto

25 2739 110 2784 necere
121 2732 210 2808 puer!
233 2749 304 2788 uem
327 2729 457 2790 decimus
468 2731 528 2790 iem
570 2731 696 2790 eliorum
716 2731 931 2810 interpretum,
955 2742 988 2792 ut
1002 2734 1107 2809 Servii,

24 2809 100 2870 nenne
117 2815 229 2894 egitur,
256 2813 428 2894 iustumque
453 2817 528 2876 eden
571 2816 807 2896 explicationem.
849 2816 891 2874 De
915 2819 1018 2877 metris
1044 2818 1105 2877 risu

22 2897 86 2954 mni
103 2909 181 2959 utero
202 2901 315 2960 serenti
335 2910 452 2981 ternpus
473 2922 529 2960 ex-
571 2901 688 2960 rilmeo
706 2900 850 2979 explices,
881 2901 1108 2982 offenditgemi-

23 2975 111 3052 fitium
158 2985 269 3044 Omnia
293 2985 368 3045 lmec
397 2988 527 3063 ornavit,
570 2997 676 3047 netum
696 2985 774 3044 illud
793 2989 898 3066 Incipe
903 3010 916 3060 ;
945 2989 1029 3068 quod
1043 3008 1108 3049 eam

23 3071 134 3141 tiportn:
148 3091 218 3132 cmu
229 3071 330 3131 decem
344 3092 458 3131 memes
464 3093 526 3131 me-
570 3071 662 3132 hnbet
673 3071 752 3147 rim,
774 3080 810 3130 ut
825 3074 945 3150 grevinne
965 3075 1038 3155 quid
1052 3095 1108 3134 ex-

23 3163 98 3227 norat,
109 3157 243 3234 fastidio
257 3157 352 3232 addit,
374 3167 529 3218 eumtem-
570 3166 745 3238 spectetur,
782 3177 872 3236 quem
898 3168 988 3220 tenue
1018 3161 1107 3222 illud:

24 3237 162 3308 orntum
176 3243 308 3302 decursu
319 3243 529 3302 eetieinmma-
569 3245 666 3324 iprum
692 3243 756 3302 rieu
783 3263 800 3300 e
824 3253 918 3304 matre
949 3257 1108 3328 exceptum

24 3327 153 3390 moneris
166 3330 213 3388 mi
228 3327 328 3388 taedia
338 3329 364 3386 ei
373 3329 442 3388 sint„
466 3329 528 3387 Ex-
569 3329 615 3388 iri.
658 3329 760 3388 Otiose
782 3329 870 3388 etiem
899 3331 965 3391 ille:
998 3333 1107 3408 „Matri

24 3403 97 3476 l’f'mil
111 3433 197 3490 porro
220 3433 287 3474 reru
309 3415 425 3492 eeigno
439 3413 528 3474 velde
570 3415 660 3494 longa
694 3413 795 3473 decem
822 3417 956 3476 tulerunt
988 3417 1108 3476 fastidia

25 3485 140 3572 intendo,
163 3500 352 3580 evoluptete
371 3509 401 3558 et
414 3500 529 3560 leetitie
569 3502 716 3559 mensee.“
757 3498 885 3560 Maxime
914 3510 1012 3560 eutem
1039 3501 1107 3559 len·

25 3579 110 3664 lffllrit,
133 3603 200 3644 mm
218 3605 281 3664 que
300 3603 403 3644 reeens
423 3594 528 3645 netum
568 3596 661 3664 guent
688 3585 806 3645 ultime:
841 3587 916 3660 „cui
935 3607 998 3645 non
1017 3585 1108 3643 risere

26 3661 131 3727 Menum
147 3671 302 3745 intuetur3
323 3679 405 3730 uteo
418 3673 482 3730 risu
497 3691 528 3728 ee
569 3679 706 3751 perentee
714 3675 731 3704 ‘⁴
750 3680 806 3729 ete.
836 3689 929 3748 quee,
965 3671 990 3728 ei
1019 3669 1108 3728 intem

26 3749 83 3816 ‘imi
106 3764 229 3816 mtrem
267 3755 397 3836 probare
429 3756 528 3816 videri
573 3756 799 3836 explicationem
829 3755 984 3832 sequeris,
1020 3752 1109 3833 digne

27 3833 95 3900 Μ-
130 3839 188 3900 Vix
209 3841 273 3902 dici
289 3851 403 3920 potent,
433 3861 531 3920 quen·
571 3841 710 3901 habende
732 3848 822 3900 eremt
846 3839 978 3919 putiduli
999 3839 1108 3898 Grem-

27 3917 71 3972 (ω
86 3919 109 3980 l.
130 3925 148 3984 l.
167 3927 325 4007 trepident
344 3927 531 4006 interpreter,
572 3927 671 3987 melici
684 3926 833 4006 sapientie,
856 3943 916 3982 non
930 3923 1024 3982 divini
1034 3943 1108 4004 poe-

26 4001 318 4090 nuitmfiquieimis
329 4013 399 4072 inde
412 4023 531 4093 tempo·
571 4023 619 4071 tee
644 4012 770 4090 ingenio.
825 4009 901 4069 Boni
928 4017 1032 4088 poetae
1060 4029 1108 4068 ere

26 4083 205 4170 “Murum
223 4107 326 4158 temeu
341 4098 531 4157 luliueSebi-
571 4098 699 4158 menime
731 4104 881 4176 spectetur
916 4093 949 4152 in
979 4096 1109 4154 carmine

26 4185 64 4226 ΠΜ
75 4177 153 4262 ridie)
174 4183 214 4242 ed
228 4185 324 4244 risum
338 4183 424 4262 pueri
440 4183 530 4242 metri
572 4193 639 4264 epte
651 4181 826 4241 claudendo.
854 4181 893 4238 Et
906 4197 998 4256 quum
1010 4179 1109 4240 omniu

25 4257 150 4322 enitenti,
169 4265 245 4327 haee
270 4269 448 4328 retulerunt.
491 4267 532 4327 At
572 4269 677 4328 intoto
691 4266 819 4326 carmine
831 4264 869 4322 ed
879 4283 1007 4343 puerum
1019 4265 1110 4326 ietum

25 4331 66 4398 lot
77 4365 128 4406 non
141 4351 306 4414 admittunt
315 4373 395 4432 eeqq.
411 4357 462 4412 eui
473 4375 533 4412 non
573 4353 710 4414 retulerit
722 4351 859 4430 Virgilius
866 4393 874 4426 ‚
896 4359 1029 4410 extreme
1040 4369 1109 4430 pere

25 4441 88 4482 W!
105 4451 261 4508 parvare:
297 4439 409 4500 scilieet
443 4448 532 4518 poete
573 4459 636 4498 non
660 4437 748 4496 debet
769 4455 786 4492 e
810 4455 924 4495 numme
946 4436 1111 4514 argumenti

26 4509 132 4574 inhiet:
164 4521 260 4604 incipe
287 4525 321 4584 iu
355 4524 421 4583 diae
445 4543 534 4584 eures
575 4525 722 4584 aberrem.
742 4519 834 4600 Atqui
847 4521 966 4580 sirecte
977 4521 1111 4601 Heyniue

64 4611 196 4692 Vneu.
223 4625 328 4698 Tou.
356 4625 384 4701 1.
855 4623 905 4691 ¹⁰
