2660 5002
173 417 483 496 eucomcr
514 419 637 498 uon.
665 423 773 516 tun,
797 427 967 502 40-50
1043 435 1126 526 ,211

45 609 105 681 Nec
116 605 260 702 generis
274 605 401 680 nostri
414 629 585 706 puerum
601 631 677 682 nec
691 610 889 706 sanguinis
905 609 1040 692 edunt
1079 617 1130 692 45

45 709 149 806 Incipe
160 707 373 786 Maenalios
386 733 566 806 mecum,
592 733 683 788 mea
698 711 812 807 tibia,
838 737 983 794 versut.

45 813 159 886 Saeuus
169 817 292 888 Amor
308 811 443 888 docuit
456 826 642 890 natorum
658 815 1030 912 sanguiuemotrem

44 915 471 994 Coumacidareunenus:
498 916 667 992 crudelis
681 929 725 993 tu
743 943 924 1020 quoque,
951 933 1096 1015 mater3

43 1017 190 1094 Crudelis
203 1031 334 1095 mater
346 1021 486 1119 magis,
515 1045 564 1096 an
577 1045 681 1122 puer
693 1021 886 1122 inprobus
901 1021 993 1102 ille?

42 1123 206 1220 inprobus
223 1122 289 1199 ille
307 1149 426 1224 puer:
452 1123 621 1202 crudelis
635 1138 679 1200 tu
696 1149 875 1226 quoque,
901 1139 1039 1204 mater.
1080 1129 1130 1204 50

77 1264 124 1338 45.
149 1281 373 1360 suecorum,
426 1268 485 1341 47.
513 1283 733 1338 eunrouuur

61 1445 197 1518 legereris
207 1453 303 1504 nomi
311 1451 380 1504 Pier.
394 1463 421 1503 et
433 1451 523 1504 licius.
536 1470 551 1504 c
564 1452 671 1521 scriptis
686 1453 817 1506 omm'bns:
831 1455 923 1510 nostri
932 1453 1043 1526 generis
1053 1453 1132 1522 vulgo

39 1513 116 1567 loetum
135 1537 251 1590 puerum
271 1535 322 1573 aus
336 1541 358 1574 s.
380 1521 456 1574 Leid.
477 1533 601 1592 uterque:
624 1523 691 1576 alter
711 1533 739 1574 et
756 1525 850 1576 vestri.
921 1525 965 1592 l-
982 1520 1025 1578 47.
1042 1523 1132 1576 Heius.

40 1583 100 1636 bum.
112 1597 136 1636 et
148 1589 229 1658 lleyn.
244 1590 386 1642 ediderunt
398 1603 553 1664 gnatorum.
573 1592 626 1645 sed
640 1605 769 1644 notorum
777 1592 872 1644 Medic.
886 1591 959 1669 Lips.
974 1602 1058 1662 uterq.
1066 1595 1133 1644 Pot-

40 1655 81 1703 terii
98 1655 166 1709 codd.
185 1675 278 1712 omnes
298 1669 326 1711 et
345 1665 417 1712 Serv.
435 1660 489 1712 vid.
514 1663 546 1725 Q.
561 1663 593 1713 V.
607 1661 762 1727 XXXVIII,
775 1665 801 1718 2.
823 1662 894 1729 Wr.)
964 1660 1007 1718 49.
1025 1665 1061 1717 50
1077 1662 1134 1714 Etsi

39 1724 133 1774 sudiner
150 1726 247 1780 dictum
267 1729 413 1794 ridebitur,
441 1729 525 1781 libere
544 1739 632 1782 tumen
652 1729 795 1798 profiteor,
820 1749 908 1782 versus
927 1731 977 1782 hoc
992 1732 1025 1782 ob
1040 1731 1132 1800 inepto

39 1789 118 1844 bomine
129 1813 158 1846 cx
171 1797 291 1867 margine
305 1799 393 1850 illotos
405 1799 496 1852 videri.
513 1800 697 1868 Adscripseret
710 1800 803 1869 aliquis
817 1817 865 1868 pro
879 1817 927 1852 suo
939 1800 1050 1852 iudicio:
1063 1805 1134 1852 Gru-

39 1861 88 1942 delis
99 1879 176 1916 meter
187 1871 287 1940 magis,
303 1887 339 1920 nn
374 1889 423 1920 uer
434 1868 572 1942 improbus
582 1869 649 1921 ille?
671 1869 760 1934 Alter,
777 1889 808 1923 oc
821 1869 844 1920 si
856 1870 935 1922 iudex
947 1871 1066 1934 sederet,
1084 1871 1134 1922 ud-

38 1947 159 1998 totpserst:
177 1935 324 2042 Improbus
337 1887 386 1990 iile
397 1957 480 2010 puer:
498 1939 620 2009 erudelis
632 1951 663 1990 tn
676 1957 788 2010 quoque,
806 1952 901 1991 mater.
926 1939 1038 2008 Dignum
1050 1958 1134 2008 oper-

38 2001 100 2052 culum
114 2005 221 2072 patella.
248 2007 297 2058 sed
319 2018 427 2077 uterquc
448 2025 537 2064 versus
556 2007 734 2060 eliminandus.
772 2009 919 2078 (Immerito
940 2009 1054 2077 suspecti
1072 2019 1134 2061 sunt

38 2069 114 2138 lleyuio
128 2073 154 2124 bi
168 2093 271 2127 versus.
297 2076 349 2140 Qni
362 2077 384 2128 si
396 2095 449 2128 nou
460 2077 557 2130 adiecti
572 2089 665 2140 esseut,
680 2078 743 2146 qnid
757 2078 838 2130 iacies
852 2077 924 2130 inani
956 2097 1024 2130 euno
1037 2097 1075 2131 vs.
1088 2079 1132 2136 48.

38 2139 119 2192 druto:
140 2145 262 2197 crudelis
276 2157 307 2196 tu
320 2165 426 2218 qnoque
439 2147 544 2200 morer?
568 2147 638 2216 quod
653 2147 843 2200 hemistichium
859 2157 916 2200 tum
932 2097 1034 2200 cicinum
1048 2150 1135 2200 locum

39 2225 89 2260 num
100 2213 227 2278 tuebitur,
246 2233 326 2284 quum
339 2215 472 2284 proximos
485 2233 575 2268 versus
591 2216 748 2269 ediuuxeris.
783 2220 837 2268 lum
852 2219 972 2285 procedit
984 2218 1069 2270 oratio
1082 2219 1135 2270 hoc

38 2281 106 2330 uodo:
120 2283 229 2335 Crudele
244 2284 351 2354 quidem
364 2286 453 2338 metris
468 2303 571 2356 quoque
584 2285 700 2348 lucinum
718 2287 766 2340 sed
779 2287 801 2338 si
814 2305 932 2356 quneros,
946 2299 1031 2338 unum
1043 2299 1134 2351 meter,

39 2363 84 2426 pcc
97 2350 152 2403 illud
166 2371 229 2406 ause
246 2365 287 2405 est
302 2355 391 2419 nefus,
414 2356 562 2421 crudelior,
588 2370 621 2406 un
635 2359 730 2422 Amor,
749 2357 792 2425 qui
809 2373 866 2408 enm
881 2366 912 2408 ut
923 2357 1033 2407 cuderet
1046 2357 1135 2440 impu-

37 2415 71 2475 44.
83 2419 219 2488 improbior
233 2423 325 2487 inerit,
342 2423 388 2476 ille
404 2443 466 2477 seue
480 2424 649 2488 crudelitatis,
666 2425 709 2477 hic
723 2425 868 2493 turpiorem
883 2437 909 2476 et
922 2425 1070 2476 foediorem
1082 2445 1135 2477 rm·

38 2487 148 2550 probitatis
163 2503 256 2544 notam
273 2493 420 2546 sustinebit.
443 2497 481 2546 Ex
496 2511 547 2564 quo
560 2504 680 2562 uppuret,
698 2511 752 2545 non
765 2511 822 2546 esso
836 2511 980 2562 synonyma
997 2493 1023 2545 b.
1036 2493 1055 2546 l.
1069 2513 1135 2546 cru-

39 2555 117 2610 delisct
129 2561 284 2634 improba-55
307 2562 360 2616 hoc
372 2564 407 2616 sd
423 2573 537 2616 mentem
552 2565 681 2627 refertur,
699 2563 767 2614 illud
778 2563 812 2615 ud
823 2563 924 2614 fucinus
938 2563 1038 2630 ipsum:
1054 2568 1136 2616 Amor

38 2630 179 2750 ffiffiit,
194 2631 294 2684 Medea
303 2633 343 2752 pb
358 2632 405 2685 illo
418 2633 592 2715 excogitatum
605 2633 688 2757 scplus
701 2631 876 2752 perpettpjniy
894 2631 947 2713 ille¹
957 2631 1040 2750 igitup
1052 2633 1134 2700 magis

37 2730 130 2830 pelenda·
146 2719 286 2838 ulil'rllum
298 2721 387 2826 &eiiii
411 2705 636 2844 Ἔξνᾞῗῖοἱῖε
649 2706 1135 2842 XlffiinarbbctiiviXelpnriibi,nitriis

38 2833 104 2886 hore
117 2839 297 2921 intellipatur,
323 2840 391 2893 coni.
434 2859 501 2895 euru.
520 2843 554 2894 ad
565 2841 701 2910 Lycophr.
715 2791 846 2908 probante
858 2839 972 2892 Schotto
986 2841 1018 2890 II.
1034 2839 1096 2892 obs.
1112 2859 1135 2892 c.

39 2903 66 2954 II.
92 2907 162 2962 state,
179 2911 235 2962 ud.
247 2909 314 2962 Not.

38 3055 145 3139 txxt,
165 3069 196 3130 6.
229 3063 321 3147 Wr.)
370 3065 421 3132 45.
450 3067 552 3144 edwii,
595 3066 659 3126 Etsi
676 3065 754 3126 enirn
768 3064 808 3124 ud
821 3064 1136 3146 ttltimamaleiunpel-

36 3149 253 3226 proediderunt,
270 3161 455 3230 genuenmt,
476 3153 555 3212 utin
596 3153 657 3212 lere
673 3152 776 3212 infelix
796 3171 879 3212 amor
896 3147 1006 3230 pessit,
1028 3162 1060 3212 et
1075 3153 1135 3214 tale

38 3237 249 3304 prosecutione
263 3235 424 3298 dicendum
442 3239 554 3298 suisset.
596 3247 699 3298 tamen
723 3237 818 3298 coelus
844 3255 949 3314 nemo,
986 3239 1044 3298 nisi
1072 3239 1135 3320 ipse

39 3313 80 3383 Istc
96 3323 208 3402 saepius
229 3332 339 3402 poetne
352 3323 386 3384 in
404 3323 555 3384 viridiore
596 3323 719 3384 immoni
745 3322 864 3402 ingenio
897 3325 950 3399 sit,
986 3323 1135 3403 suscipiet.

37 3406 144 3466 ustione
162 3409 326 3468 Praesente
343 3417 476 3470 utuntur
496 3429 554 3490 pro
597 3409 673 3470 Cum
692 3418 794 3470 temen
816 3408 906 3468 semel
921 3419 1027 3468 contre
1041 3409 1136 3471 Amo-

37 3483 157 3570 torm„
179 3495 245 3556 vid
267 3495 405 3574 exempla
421 3495 461 3554 sd
476 3495 554 3575 uteg.
595 3514 661 3556 rem
673 3488 812 3556 musssm'
828 3495 1017 3574 suscepisset,
1039 3512 1136 3571 nequo

37 3571 174 3641 ultimi
193 3601 264 3662 pug-
277 3585 329 3645 27.
344 3601 386 3659 sq.
410 3599 490 3640 utne
508 3581 555 3642 el-
597 3599 716 3642 omnem
734 3589 893 3660 propterea
910 3579 946 3638 ub
961 3598 997 3638 eo
1016 3579 1136 3658 culpem

38 3655 86 3720 litt
121 3665 188 3726 vid.
214 3667 308 3727 etiam
330 3666 487 3728 Wunderl.
515 3667 555 3728 ed
595 3668 743 3728 removeri
756 3667 855 3740 vellet,
871 3666 902 3724 in
918 3663 1136 3724 dubitationem

39 3737 85 3804 ll
105 3749 185 3834 Wr.)
595 3751 717 3828 incidit,
745 3753 789 3811 ita
809 3760 923 3823 tumen,
953 3759 990 3808 ut
1014 3749 1136 3808 tandem

69 3831 107 3894 tt.
125 3835 218 3896 Hsud
232 3835 324 3897 dubie
336 3835 470 3898 Medeam
484 3857 555 3898 suos
597 3837 715 3917 culpem
734 3837 855 3914 utrique
874 3853 1060 3894 communem
1074 3853 1136 3894 esso

39 3907 93 3974 l5⁰¹
116 3941 152 3982 ex
174 3923 283 3982 Iuoue
304 3921 421 4003 perfido
444 3923 554 3983 merito
596 3923 748 3988 decernet.
769 3922 821 3980 Uti
834 3920 908 3980 bueo
920 3929 1010 3995 recte,
1024 3930 1059 3980 ut
1068 3919 1135 3996 leci,

39 4013 191 4090 &denum
211 4008 350 4088 respicit;
379 4008 464 4068 cuius
481 4009 555 4070 dum
598 4009 758 4070 defendero
772 4026 820 4066 me
833 4026 917 4086 posse
930 4005 1070 4082 arbitror,
1085 4016 1135 4066 te-

38 4099 139 4152 mone
156 4095 277 4154 facium
294 4093 334 4154 od
345 4091 486 4154 Amorem
503 4113 555 4154 re-
595 4112 666 4154 men
685 4103 722 4154 ut
737 4092 888 4173 praeclue
900 4090 979 4152 dicto
993 4093 1135 4153 extollere

39 4169 97 4248 ¹0¹1,
123 4181 234 4259 refugit
261 4179 402 4258 simplicis
427 4179 556 4259 postoris
597 4181 699 4242 nolim.
728 4179 809 4240 Inest
828 4178 906 4238 enirn
921 4175 1011 4240 ieiumi
1026 4188 1057 4238 et
1069 4179 1136 4238 inc-

39 4257 131 4320 tnimus
157 4264 286 4324 horrore
312 4265 353 4324 od
381 4265 555 4326 memorium
597 4265 644 4347 pti
655 4265 740 4326 lusus
757 4263 856 4323 nescio
871 4259 959 4346 quid;
980 4283 1036 4322 nee
1055 4264 1136 4322 tolli-

39 4345 98 4402 ¹³¹¹ti
118 4351 249 4426 sceleris5
275 4349 379 4430 ituqus
397 4349 436 4410 ud
459 4351 556 4412 corri-
597 4359 651 4412 tur
675 4349 766 4425 illud,
804 4348 945 4408 sinister
968 4349 1067 4408 Venus
1088 4349 1136 4410 eit.

39 4429 204 4518 tyndumid,
226 4437 309 4514 quod
324 4436 459 4512 dixerut,
482 4437 556 4498 sub-
598 4435 758 4515 Impmbus
775 4451 848 4494 vero
868 4435 911 4494 nil
930 4433 1027 4510 uliud,
1048 4453 1137 4512 quam

40 4511 103 4574 Idi:
120 4521 243 4580 muni
256 4533 427 4603 tropicoque,
447 4535 552 4582 nram.
598 4522 743 4596 emdelr's,
774 4523 899 4596 soevue,
929 4517 1003 4581 Aen.
1023 4521 1066 4596 11,
1085 4523 1136 4584 80.

848 4621 931 4692 14*
