2710 4998
185 373 318 430 cvm·
397 354 441 428 Ρ.
465 347 681 428 VIRGlIall
706 347 942 425 MARONIS
969 348 1092 426 VITA
1222 411 1230 420 .

185 541 391 619 contendunt,
413 541 465 620 qui
477 559 559 602 nunc
573 539 633 600 duo
649 539 741 600 millia
753 560 895 619 passuum
916 538 1041 599 ab'urbe
1054 537 1192 613 dissitus,
1222 537 1347 615 vaalge

186 629 298 690 dicitur
311 629 447 688 Pietolo:
471 645 501 687 v.
513 627 632 686 Cluver.
647 627 713 686 ltal.
726 637 788 686 ant.
800 647 830 706 p.
841 627 914 691 257.
956 625 1003 684 Ex
1021 643 1105 684 more
1127 633 1235 683 tamen
1253 625 1347 681 satis

186 715 338 794 frequenti
353 714 433 773 inter
454 723 582 786 veteres,
612 711 650 771 de
671 731 731 790 quo
754 713 803 772 rel
820 709 928 772 Catulli
944 711 1079 790 exemplo
1100 717 1234 782 constat,
1269 710 1347 786 qui¹

185 801 217 860 in
239 799 342 860 insula·
352 799 462 860 Benaci
483 798 631 859 Sirmione
650 807 755 874 natus,
783 797 961 858 Veronensis
984 797 1168 878 appellatur,
1195 795 1347 873 Virgilii

187 887 314 966 origines
334 884 373 944 ad
394 884 548 944 Mantuam
566 885 661 963 ipsam
682 885 872 958 reseruntur,
899 891 936 942 ut
956 883 993 947 ab
1014 883 1079 962 ipso
1094 890 1186 961 poeta
1198 881 1347 940 sactum

185 990 248 1030 esse
260 969 384 1032 videtur
402 972 454 1030 Ge.
471 971 520 1044 ιιι,
545 973 601 1046 1ος
622 969 679 1028 alia
696 970 822 1030 aliorum
837 971 902 1028 loca
918 989 947 1028 r.
961 990 1007 1048 ap.
1023 969 1142 1028 Cluver.
1155 967 1175 1026 l.
1188 966 1208 1026 l.
1247 968 1347 1025 Erat

184 1056 310 1118 Mantua
322 1057 355 1115 in
369 1055 464 1118 Gellia
478 1056 634 1138 Cisalpina.
682 1058 828 1118 Venatum
840 1065 940 1114 tamen
952 1053 1082 1134 appellat
1095 1052 1176 1133 apud
1191 1051 1347 1113 Macro-

184 1143 268 1202 bium
291 1141 473 1222 Euangelus,
503 1141 565 1202 sat.
587 1142 622 1217 V,
645 1145 675 1216 2,
697 1141 750 1200 sed
772 1161 840 1202 curn
861 1141 1013 1216 irrisione,
1040 1150 1076 1199 ut
1097 1139 1209 1200 scilicet
1227 1147 1342 1197 tanto

184 1229 276 1307 anagia
297 1247 366 1291 euna
387 1249 404 1286 a
423 1228 509 1288 cultu
530 1228 713 1288 Graecarmn
732 1227 903 1287 litterarum
931 1225 1061 1287 alienum
1083 1225 1227 1304 lingeret;
1272 1224 1343 1282 nisi

183 1313 349 1374 secundum
372 1313 547 1395 posterioris
570 1312 709 1373 Venetiae
742 1312 817 1372 fines
848 1313 963 1372 dictum
985 1311 1152 1386 existimes,
1189 1309 1253 1388 qui
1293 1309 1341 1368 ad

183 1399 324 1460 Adduam
345 1419 441 1480 usque
466 1399 579 1462 flumen
600 1399 850 1458 extendebantur.
899 1397 1014 1458 Phocas
1035 1397 1267 1458 Grammaticus
1299 1396 1340 1453 in

183 1487 253 1546 Vita
268 1485 369 1564 Virgil.
386 1489 425 1550 21
451 1488 486 1546 V
481 1498 561 1544 αιιιιι
575 1487 735 1544 Etrusomrr
754 1485 884 1566 appellat
906 1493 938 1544 et
956 1505 985 1544 v.
1010 1481 1030 1549 5
1051 1483 1182 1544 Aemula
1203 1485 1246 1543 V
1241 1485 1338 1560 irgi-

185 1573 263 1630 lium
279 1573 366 1630 tellus
387 1573 448 1628 rarsi
472 1574 571 1630 Tusco
598 1570 736 1630 dedisset.
788 1571 884 1630 Possit
905 1569 938 1630 id
959 1569 999 1628 ad
1018 1569 1145 1648 origines
1169 1567 1334 1627 Mantuae

181 1656 302 1732 reterri5
330 1676 360 1716 v.
381 1655 456 1715 Exc.
477 1656 492 1715 1
511 1655 551 1715 ad
572 1655 646 1716 Aen.
663 1657 703 1716 X„
724 1657 777 1716 sed
797 1657 851 1717 vix
872 1666 935 1716 tam
956 1655 1045 1715 docte
1062 1655 1191 1715 scribere
1213 1654 1334 1714 voluit

180 1741 305 1803 Phocus.

266 1828 309 1886 De
327 1825 430 1886 Idibus
451 1826 575 1888 Octobr.
591 1847 652 1886 non
672 1827 822 1887 medoen
843 1824 1005 1906 Phlegonte
1022 1826 1042 1886 l.
1061 1827 1081 1886 l.
1097 1843 1205 1887 verum
1224 1825 1329 1882 etiarn

182 1933 221 1974 ex
242 1913 378 1972 Martiale
396 1911 472 1987 XII,
497 1915 538 1978 68
560 1921 695 1972 constat·
744 1911 881 1972 Octobres
900 1915 995 1972 Maro
1022 1914 1205 1971 consecrarit
1229 1910 1325 1969 Idus.

183 1997 544 2077 Addstusoa.1dytlv
567 2002 618 2062 26
661 1997 775 2058 Aviris
793 1997 891 2057 doctis
909 2018 958 2057 eas
973 1999 1054 2058 inter
1072 1997 1135 2056 dios
1147 1997 1247 2056 festos
1260 1993 1326 2054 laa-

180 2085 259 2146 bitas
277 2084 384 2158 baisse,
408 2103 476 2142 cum
498 2103 537 2142 ex
554 2083 612 2142 illis
633 2083 706 2142 locis
725 2093 865 2163 apparet,
887 2093 954 2142 tum
972 2084 1036 2143 Silii
1057 2083 1152 2142 Italici
1174 2083 1325 2172 exemplo

182 2169 265 2250 apud
277 2170 351 2229 Plin.
365 2169 457 2249 Epist.
474 2169 521 2244 lll,
544 2171 564 2233 7
578 2170 707 2228 multum
721 2169 1065 2248 ubique—imaginum,
1087 2189 1164 2249 quas
1175 2190 1241 2226 nora
1258 2169 1322 2226 Ιια-

181 2255 268 2314 bebot
281 2255 378 2329 modo,
401 2275 503 2314 renam
517 2257 609 2312 etiarn
624 2253 836 2327 νιιιιιιοιιαιιιις
864 2255 992 2333 Virgilii
1004 2267 1073 2313 ante
1088 2275 1199 2328 omnes,
1227 2257 1322 2312 cuites

181 2343 316 2400 natalem
329 2299 500 2418 religiosius
516 2361 610 2418 qaam
621 2361 711 2401 auum
726 2337 900 2400 celebrabat.
928 2340 954 2399 N
956 2349 1039 2400 atum
1052 2299 1220 2419 Virgilium,
1245 2359 1320 2399 cum

182 2427 233 2488 Sol
250 2447 287 2486 ex
305 2427 425 2506 Virgine
441 2425 472 2484 in
489 2424 593 2484 Chelas
605 2435 743 2506 receptus
762 2434 855 2500 esset,
875 2423 906 2486 la.
929 2427 962 2485 in
981 2426 1082 2488 locum
1095 2427 1201 2485 Librae
1225 2425 1319 2484 dein-

182 2535 250 2594 ceps
274 2512 469 2586 destinatum,
500 2511 614 2572 Phocas
634 2533 664 2572 v.
683 2517 734 2576 21.
755 2516 798 2576 22
817 2521 973 2572 memorat.
1015 2511 1143 2592 Augusti
1164 2532 1243 2573 aevo
1263 2512 1316 2571 Sol

180 2599 300 2662 Libram
315 2599 418 2658 adibat
431 2597 497 2658 Kal.
514 2599 570 2658 Xll
585 2597 709 2660 Octobr.
723 2597 801 2658 conf.
819 2597 858 2656 ad
874 2599 926 2658 Ge.
940 2599 963 2674 1,
989 2601 1053 2669 82„

265 2702 308 2760 lle
321 2703 595 2764 Grammaticorum
611 2701 697 2782 nugis
720 2701 801 2760 cirea
823 2701 937 2760 natales
949 2710 1056 2782 poetae
1071 2721 1101 2762 v.
1117 2721 1183 2782 sup.
1196 2701 1240 2761 ad
1259 2700 1312 2760 W-

179 2799 244 2850 tam
256 2788 365 2848 Donati
387 2809 409 2848 s.
422 2792 452 2854 S.
469 2785 498 2852 4.

265 2875 308 2934 De
320 2875 469 2955 scriptura
482 2873 610 2934 nominis
625 2871 778 2952 digladiati
799 2882 871 2932 sunt
884 2873 964 2932 inter
977 2891 1009 2935 se
1031 2893 1100 2932 cum
1111 2881 1230 2933 veteres
1246 2883 1311 2932 tum

180 2961 362 3020 recentiores
383 2960 584 3020 Grammatici.
628 2959 752 3040 Lapides
776 2966 807 3017 et
834 2957 950 3018 codices
969 2967 1130 3037 utrumque
1155 2957 1310 3018 exhibent

181 3046 280 3104 Etiam
294 3046 401 3104 Graeci
413 3045 504 3104 modo
521 3039 696 3126 Οιιιργιιιος
708 3043 799 3104 modo
814 3037 991 3142 Οὐεργίλιος
1002 3044 1153 3104 scribunt:
1182 3053 1213 3104 et
1232 3047 1270 3105 V
1264 3067 1309 3102 er-

179 3131 229 3208 gil
229 3134 292 3204 ius,
314 3129 481 3206 Mediceus,
504 3130 591 3189 Pierii
604 3131 773 3206 Romamn,
796 3139 828 3189 et
841 3129 1075 3190 vetustissimum
1088 3131 1206 3211 Fragm.
1218 3128 1309 3210 Aspri

182 3213 264 3293 apud
276 3173 600 3275 benedictinoiNouv.
621 3219 671 3274 Tr.
687 3217 723 3275 de
740 3217 911 3314 Diplorust.
924 3217 1008 3276 Tem.
1022 3217 1070 3276 lll
1089 3237 1119 3296 p.
1135 3218 1206 3282 152.
1252 3217 1307 3274 Ce-

181 3308 282 3358 terum
304 3299 614 3376 vide‚'s1tantiest,
644 3298 798 3362 Corrad'
789 3323 823 3360 ιιι
839 3301 907 3362 Vita
928 3302 1042 3381 Virgilii
1064 3323 1110 3381 pr.
1134 3301 1213 3360 adde
1234 3321 1306 3380 quos

180 3385 285 3446 laudat
299 3385 415 3446 Fabric.
435 3386 576 3446 biblioth.
591 3388 654 3446 Lat.
667 3389 734 3448 Vol.
749 3387 785 3464 lt,
807 3408 837 3467 p.
860 3391 933 3454 226.
962 3389 1125 3447 Burmann.
1145 3386 1305 3466 Antholog.

180 3472 214 3532 T.
233 3471 255 3548 1,
277 3492 308 3552 p.
323 3476 395 3538 399.
420 3471 547 3549 Pierius,
571 3471 676 3549 Cerda,
699 3475 863 3534 Burmann.
879 3473 918 3533 ad
939 3474 1041 3553 Virgil.
1055 3475 1160 3553 Georg.
1175 3473 1217 3534 lV
1230 3483 1303 3534 extr.

179 3557 299 3618 Ruaeus
314 3558 384 3619 Vita
399 3559 511 3639 Virgilii
524 3581 570 3639 pr.
613 3559 733 3618 Nemini
747 3560 779 3620 in
796 3559 947 3620 veteribus
961 3561 1112 3622 nonnullis
1127 3559 1213 3620 libris
1227 3563 1303 3620 Par-

178 3643 295 3702 thenias
310 3645 449 3705 additur:
476 3665 506 3706 v.
524 3666 589 3726 sup.
605 3645 645 3704 ad
658 3645 766 3706 Donat.
783 3643 815 3725 §-
830 3649 881 3710 22.

263 3747 404 3808 Parentes
425 3749 565 3828 Virgilius
590 3748 732 3809 honestos
757 3748 894 3828 quidem,
930 3747 1033 3828 quales
1052 3749 1167 3808 nobiles
1187 3757 1302 3809 nostros

177 3831 342 3909 villaticas,
366 3834 419 3893 sed
431 3843 532 3894 tamen
549 3835 692 3895 obscuros
713 3843 743 3894 et
754 3835 787 3894 in
806 3855 876 3915 agro
891 3855 945 3894 suo
963 3834 1089 3894 colendo
1104 3835 1199 3895 sitam
1216 3853 1302 3914 agen-

179 3925 239 3993 tes,
267 3915 383 3978 habuit.
431 3919 518 3978 Unde
540 3920 666 3982 ductum
685 3921 763 3982 illud
783 3941 830 4000 ap.
853 3920 984 3981 Macrob
1006 3921 1049 3996 V,
1071 3923 1092 3984 2
1121 3921 1209 3979 Unde
1228 3923 1300 3979 enirt

184 4005 296 4064 Veneto
309 4005 427 4062 rasata'cis
434 4005 611 4082 parentibus
622 4019 711 4084 nato,
734 4011 810 4068 irater
825 4009 920 4066 silvas
937 4005 1101 4085 etfrrstices
1112 4005 1235 4082 educto,
1258 4001 1301 4063 vel

178 4089 253 4146 levia
272 4088 458 4148 Graecorum
469 4093 576 4150 ηοιιιὶο
593 4052 781 4152 litterariam?
810 4092 903 4166 Quod
923 4101 1024 4152 autem
1035 4091 1177 4170 figulum
1186 4052 1297 4172 paimm

178 4191 241 4232 esse
258 4183 401 4249 narrant,
423 4173 456 4234 id
472 4196 579 4236 vereor
593 4197 630 4236 ne
643 4177 736 4258 inepti
752 4177 894 4238 monachi
912 4177 995 4253 afil
982 4200 1011 4236 ιο
1025 4179 1297 4257 oarmirrafingente

178 4257 339 4336 duxerint5
361 4219 406 4318 uti
419 4259 513 4322 alters
527 4262 661 4322 narratio
676 4265 713 4321 cle
729 4275 819 4341 petre
836 4266 1016 4322 numerario
1028 4283 1092 4324 nou
1107 4263 1227 4324 aliunde
1245 4281 1294 4322 na-

177 4353 227 4420 ta,
218 4363 339 4491 ,appan
353 4345 437 4424 quod
456 4345 627 4428 Tityrrun'
618 4370 650 4408 m
665 4348 762 4429 prima
777 4348 884 4430 Ecloga
897 4349 1011 4430 Virgilii
1029 4359 1148 4430 patrem
1169 4345 1295 4411 nonnulli

175 4439 225 4492 tra
280 4439 374 4492 ιιιιιι.
