2654 5000
199 376 489 452 sueonos
520 377 636 454 non.
663 377 693 472 1,
718 383 882 456 re-so
1047 383 1094 456 οι

37 560 198 638 (Indidior
211 575 422 662 postquam
434 557 616 636 tondenti
633 560 753 638 barba
770 561 952 654 cadebet;

33 666 167 764 Respexit
181 677 332 762 tamen,
361 675 401 796 et
418 662 645 764 longopost
661 677 844 765 ternpore
860 667 978 762 venit,
1045 675 1096 744 30

52 841 120 892 M.
135 839 242 890 turrdenr
262 839 325 891 Cod.
342 836 451 902 netu..
473 853 526 888 non
547 836 623 889 male.
656 837 709 890 Sed
731 845 803 890 totus
825 853 913 890 versus
932 847 985 891 turn
1004 839 1096 891 scaber

31 917 64 960 nt.
82 917 104 955 ut
119 907 156 956 rix
172 925 228 958 eum
251 925 267 960 n
285 918 366 975 poeta
382 905 547 974 proiectum,
564 907 611 958 sed
635 923 649 958 e
669 907 785 975 margine
803 905 904 958 illatum
921 925 978 959 esse
998 918 1095 977 putem.

29 974 108 1042 lespicit
121 975 197 1028 locum
212 978 335 1045 Propert.
347 979 381 1040 ll,
392 985 458 1026 extr·
470 977 512 1030 71.
530 975 572 1030 72
583 994 607 1028 r.
627 976 661 1028 ad
672 977 760 1028 Vitam
782 976 888 1044 Virgilii
905 995 928 1028 a.
941 979 1001 1032 717.
1035 979 1095 1046 (ὃθ-

29 1045 50 1092 ris
62 1045 158 1112 frequens
175 1055 214 1095 est
230 1046 283 1098 boc
304 1063 384 1114 genus
404 1041 586 1112 ἐπαναφορᾶς
605 1045 676 1112 apud
695 1055 788 1114 poetes
806 1045 928 1108 Latinos;
954 1056 981 1096 et
1003 1045 1095 1114 Virgi-

30 1113 144 1182 bsquoque
166 1114 295 1165 lsuriliare
315 1133 390 1178 esse,
424 1113 489 1164 disci
511 1122 602 1181 potest
621 1131 652 1164 ex
669 1114 816 1166 Weichert.
859 1115 968 1166 Dissert.
987 1115 1096 1166 derer-

31 1183 75 1230 rdu
85 1183 161 1234 iaiuia
175 1193 288 1252 suspect.
302 1201 330 1252 p.
344 1181 387 1238 94.
405 1183 484 1234 etiam
499 1200 531 1233 ex
545 1183 587 1246 iis,
620 1200 668 1234 uae
680 1183 803 1234 adnotavi
816 1183 849 1234 ud
862 1183 935 1251 Eleg.
948 1185 982 1236 ed
990 1183 1094 1235 Messal-

31 1252 82 1316 ult
107 1253 135 1302 tt
147 1253 168 1303 si
181 1255 302 1304 scabrum
316 1253 383 1304 bunc
394 1269 496 1303 versum
512 1200 714 1320 eiicieudumque
723 1253 838 1320 lleynius
853 1263 951 1314 censet,
969 1253 1031 1322 quid
1037 1271 1096 1304 mn-

31 1321 153 1384 gisnbrurn
168 1333 194 1372 et
204 1321 332 1372 insulsum
345 1324 395 1374 bec
410 1321 544 1372 orationes
563 1359 580 1384 „
586 1321 727 1372 Candidior
740 1331 878 1390 postquam
899 1332 911 1372 t
947 1321 1021 1373 denti
1032 1323 1097 1372 bur-

31 1389 149 1450 Irndebat3
172 1393 235 1442 Post
254 1409 314 1442 uam
334 1407 382 1443 nos
394 1389 532 1460 Amaryllis
554 1390 643 1454 hebet,
661 1389 771 1441 Galatea
790 1390 917 1460 reliquit‘
961 1392 1014 1443 Sed
1027 1389 1098 1442 aliud

30 1457 67 1522 gud
78 1459 215 1512 hauddubie
227 1477 244 1512 n
265 1471 395 1512 versatum
410 1459 496 1510 unimo
511 1459 624 1528 Heyuii3
641 1459 689 1510 sed
702 1458 778 1528 quale
792 1460 844 1514 boc
864 1469 947 1522 esset,
963 1477 1016 1512 non
1032 1478 1097 1529 per-

30 1527 91 1592 spuit
116 1529 203 1597 tetigit
214 1547 273 1582 rem
285 1529 431 1597 Spohuius,
448 1529 600 1597 vituperant
615 1545 675 1592 eos,
694 1529 737 1597 qui
750 1529 817 1581 bane
828 1529 967 1581 verborum
981 1529 1096 1580 colloce-

30 1595 94 1646 tium
103 1597 139 1648 lon
159 1619 175 1650 o
188 1613 253 1670 post
267 1613 387 1670 tempore
397 1608 521 1666 tunquam
532 1615 640 1661 novam,
656 1607 701 1648 aut
722 1597 804 1650 minus
816 1597 937 1650 usitatum
950 1597 1097 1666 reprehen-

28 1665 80 1742 dant.
90 1618 197 1736 einsidlen
212 1668 369 1732 ostendens,
387 1685 441 1718 nou
454 1667 539 1718 solnm
560 1676 670 1734 poetes,
692 1668 740 1718 sed
756 1667 833 1720 etiam
847 1667 949 1720 solutae
968 1667 1095 1720 orationis

29 1745 126 1800 ruptores
137 1737 172 1788 ita
185 1737 290 1788 locutos
304 1755 370 1788 esse.
405 1739 485 1788 Immo
496 1736 541 1787 hic
553 1737 691 1788 verborum
703 1736 805 1804 positus
819 1735 953 1789 sollemnis
968 1736 996 1788 in
1008 1753 1096 1806 prosa,

28 1802 70 1850 stro
83 1815 105 1854 ut
120 1807 149 1856 ab
166 1807 263 1857 usitata
281 1805 408 1876 loquendi
428 1805 532 1858 melone
551 1805 672 1870 recedat,
690 1805 716 1856 ei
731 1806 856 1874 scriptum
869 1806 908 1858 itu
919 1807 999 1858 luerit
1011 1808 1094 1877 longo

27 1883 180 1996 tttt‘t
195 1874 754 1996 ”li⁰ttt⁰'ttt:ttstitti“ttt?i
765 1875 1095 1998 {iiiiil““‘l0i‘l¹¹ili

29 2007 68 2058 aliu
81 2012 187 2064 riumodi
194 1963 329 2064 lormulse
343 2023 446 2081 tempus
461 2013 494 2063 ad
507 2013 619 2082 nliqonm
641 2031 697 2064 rem
718 2024 791 2065 certo
812 1963 1035 2082 atiqno'tqempdri
1053 2012 1096 2064 vel

27 2077 91 2128 [ιω
108 2083 143 2132 rel
167 2083 315 2134 indendam
335 2083 448 2150 exigent,
471 2082 523 2134 hoc
534 2083 594 2134 loco
604 2081 675 2133 nulla
692 2083 810 2134 ridentur
822 2083 924 2134 institui
935 2084 1096 2135 diversorum

28 2157 130 2213 nuperum
142 2153 310 2220 comparatio.
346 2151 525 2202 Tribuendnm
540 2151 590 2204 boc
603 2152 703 2204 scilicet
716 2153 843 2204 communi
857 2153 988 2206 bominum
1001 2152 1096 2204 viliore

28 2221 212 2284 intentatione,
243 2221 328 2290 qunlis
351 2221 467 2290 Tityrus,
484 2221 672 2288 negligentiae,
695 2240 772 2290 quem
790 2222 880 2290 pulcre
897 2222 1013 2278 imitatur
1032 2223 1058 2274 h.
1076 2221 1096 2272 l.

28 2283 124 2352 ligibus,
139 2299 163 2340 et
174 2309 329 2359 comparare
343 2289 474 2357 putandus
490 2301 531 2340 est
544 2289 650 2358 Tityrus
664 2309 725 2342 suae
748 2291 879 2342 servitutis
899 2291 1094 2342 diuturnitatem

29 2371 63 2402 nan
74 2357 148 2409 usitato
161 2359 346 2428 adipiscendae
359 2357 489 2410 libertatis
503 2367 636 2426 tempore;
661 2375 737 2428 quum
752 2360 856 2429 quidem
875 2360 996 2412 industrii
1010 2379 1040 2412 ec
1052 2359 1097 2409 di-

28 2419 103 2481 lt‘ttes
117 2428 154 2496 qui
164 2429 277 2492 luerint,
296 2437 359 2496 post
374 2427 489 2498 quintum
502 2429 634 2482 servitutis
655 2447 757 2490 annum,
777 2439 822 2481 not
833 2429 967 2490 maturius,
984 2430 1095 2496 adeptos

28 2493 82 2542 rece
92 2495 195 2561 Vossius,
214 2508 312 2550 roceto
325 2497 354 2548 in
367 2497 542 2549 testimonium
556 2498 680 2550 Cicerone
697 2501 770 2549 Orat.
789 2497 905 2565 Philipp.
919 2499 987 2558 VIII,
1002 2515 1025 2548 c.
1038 2499 1096 2552 ll.:

29 2561 120 2624 tane,
134 2569 160 2618 Ρ.
171 2569 207 2632 G,
223 2586 303 2638 quum
324 2566 352 2618 in
367 2583 441 2634 rpem
456 2567 586 2620 libertatis
607 2565 779 2620 sexennio
802 2576 865 2634 post
882 2566 961 2618 simus
978 2566 1006 2616 in
1038 2565 1098 2626 essi,

29 2629 164 2704 duriusque
180 2638 334 2688 servitutem
353 2636 487 2704 perpessi,
505 2655 580 2706 quam
592 2635 689 2704 captivi
700 2633 769 2704 frugi
784 2645 811 2686 et
823 2633 961 2702 diligentes
974 2652 1003 2685 so
1015 2643 1070 2684 ent:
1080 2637 1097 2664 ‘⁸

29 2703 153 2764 ‘t-Quauto
168 2717 229 2776 post
243 2705 326 2774 igitur
339 2705 455 2774 Tityrue,
473 2705 580 2758 senilem
592 2706 643 2757 iem
658 2713 771 2804 aetutem
783 2702 929 2773 ingressus!
959 2701 1030 2769 Wr.)

30 2835 152 2910 inanum,
173 2835 246 2896 dum
270 2833 410 2894 Galateae
426 2835 520 2894 amori
560 2837 651 2893 cum.
702 2833 730 2892 A
755 2833 881 2893 deorum
906 2833 994 2913 signis
1020 2831 1100 2893 hanc

30 2913 162 2994 ttdtbmt,
190 2921 301 3001 peculii
322 2941 430 3000 pamm
450 2920 520 2979 dili·-
562 2919 794 2998 designationem
806 2919 928 2978 ductam
941 2937 1011 2994 cese,
1033 2919 1102 2978 exi-⁴

30 3007 255 3066 saturationem
269 3005 433 3080 babuerat,
461 3006 521 3066 inm
561 3006 664 3066 stimet
675 3005 817 3086 Spencius
826 3003 969 3084 Polymet
987 3025 1017 3085 p.
1028 3004 1098 3080 155,

31 3089 193 3167 miretur,
215 3111 284 3150 cum
295 3089 520 3170 Amuyllidem‚
561 3090 648 3150 nimis
663 3099 774 3170 argute.
801 3093 905 3148 Pretus
914 3090 1027 3150 tatem
1038 3089 1099 3148 lase-

30 3187 77 3240 itit
93 3175 219 3252 beator
246 3187 277 3236 et
296 3178 416 3257 parcior
445 3185 520 3250 erat,
562 3179 793 3255 nrmwsmrpt'oit
802 3175 873 3236 Aen.
881 3175 917 3252 V,
928 3177 998 3241 688.
1022 3173 1097 3258 (vid.

32 3255 114 3318 mium
131 3260 267 3337 baberet,
299 3271 336 3322 ut
352 3262 521 3320 libertatem
562 3261 674 3342 Spohn.
690 3261 724 3321 in
741 3262 776 3322 V.
792 3261 824 3321 L.
844 3259 927 3344 Wr.)
948 3295 991 3308 -
1034 3257 1098 3342 (29.

32 3339 64 3396 *ll
74 3359 252 3425 temperaret,
274 3349 401 3408 Romam
414 3347 454 3406 ad
464 3345 521 3406 he-
565 3345 740 3422 ovzdtdnr,
769 3347 852 3426 quod
873 3347 923 3407 alii
941 3347 1028 3406 aliter
1043 3365 1099 3403 ex-

31 3439 73 3480 nn
89 3449 161 3511 muru
182 3435 335 3513 profectus
363 3443 417 3492 est
458 3433 522 3492 lum
562 3433 690 3512 plicant,
710 3434 900 3494 referendum
918 3433 958 3490 ud
973 3439 1101 3490 oetatem

33 3505 54 3562 le
65 3511 175 3576 libertate
192 3519 327 3598 quidem,
355 3537 446 3597 quam
465 3518 522 3580 ob-
563 3518 669 3597 Tityri,
690 3519 742 3597 qui
756 3539 800 3579 rs.
813 3517 967 3582 ttsenex
980 3515 1099 3574 dicitru.

33 3601 376 3674 nuntiauerant.
394 3607 436 3667 30
457 3623 522 3662 me-
563 3603 616 3681 Sp.
632 3635 676 3650 --
717 3604 858 3664 Similiter
871 3601 1100 3662 luueuulissen-

34 3693 176 3764 lttriverat,
216 3689 388 3749 indlitatem
419 3697 522 3748 tamen
562 3709 643 3748 snm:
665 3689 845 3748 olimtonsor
857 3707 940 3746 mern
955 3683 1102 3764 expressit

35 3757 74 3822 l‘fl
90 3779 113 3828 tl
130 3771 342 3834 humantur-
360 3774 523 3832 maximam
562 3774 585 3848 l,
606 3773 670 3839 25.:
692 3795 774 3854 „quo
787 3771 920 3832 tondente
932 3772 1038 3848 grurus
1050 3771 1100 3826 irt-

35 3863 148 3924 ututur
165 3879 222 3918 esse
243 3880 276 3919 se
296 3859 455 3939 significat,
488 3861 520 3919 in
563 3857 811 3918 vntimilsibarbn
824 3855 978 3916 rormbat.“
991 3851 1099 3936 ch.)

36 3937 149 4018 ΜΨ
160 3945 233 4004 illud
246 3945 408 4006 obtinuisse
422 3945 474 4019 ait,
491 3965 522 4004 v.
564 3945 763 4022 80.Reeperit
775 3955 884 4015 tannen,
898 3953 926 3998 et
937 3940 1102 4017 longopost

36 4019 67 4083 ⁴5·
81 4033 108 4082 tt
120 4037 180 4088 tuto
194 4051 228 4090 ac
240 4031 442 4109 liberegmges
453 4049 523 4089 suos
563 4041 691 4107 tempore
710 4031 800 4089 venit.
845 4025 965 4104 Singula
983 4023 1026 4083 ad
1046 4023 1100 4084 de-

36 4117 116 4172 lssoert
126 4126 225 4192 posset
241 4134 329 4194 quoe,
340 4105 524 4190 melcines
563 4115 739 4174 derandum
754 4123 880 4190 tempus,
902 4129 962 4188 quo
977 4110 1101 4170 liberta-

36 4203 129 4270 epm,
159 4202 210 4260 etsi
227 4221 309 4275 sero,
344 4211 446 4260 tamen
468 4201 523 4260 sli-
564 4209 626 4260 tem
640 4199 785 4271 obtinuit,
808 4197 907 4258 valere
921 4195 1039 4256 debent.
1066 4196 1101 4256 In

36 4277 120 4340 lunio
133 4283 199 4344 uulsi
216 4287 353 4364 contigit,
383 4295 420 4345 ut
437 4305 467 4345 v.
481 4289 524 4349 30
564 4281 1018 4356 senectutebordcmmemoret,
1032 4281 1102 4358 quia

36 4363 149 4430 Μίαν.
191 4371 345 4448 Respicere
364 4371 402 4429 de
419 4369 524 4430 Liber·
564 4371 740 4430 libertatem·
754 4375 954 4445 consequutus
969 4387 1034 4426 eam
1047 4366 1102 4424 de-

37 4445 90 4518 luis
116 4457 270 4536 tttproprie
284 4457 419 4516 Fortuna
429 4458 524 4534 περὶ·
564 4455 659 4536 ponit.
696 4453 827 4533 Conflgit
840 4461 949 4526 tntum,
970 4453 1101 4530 inquam,
