2630 5002
157 413 519 494 GEORGIGON
544 416 649 494 LIB.
675 417 710 513 Ι,
738 423 957 500 ast-404
1040 423 1117 500 865

29 599 183 676 lomundi
197 602 422 679 meminere
439 628 529 680 sues
542 603 683 680 iactare
697 603 910 708 maniplos:
1041 615 1117 688 400

27 709 60 778 At
79 704 239 819 nebulae
266 705 393 806 magis
414 708 492 784 ima
517 719 681 886 petlpntt,
713 733 936 812 carnpoque
957 735 1118 790 recum-

26 908 100 984 Solis
115 921 155 986 et
173 934 359 990 occasum
374 937 533 991 seruans
554 832 794 991 deudislinine
811 939 974 994 summo

24 1012 273 1115 Nequidquam
286 1041 398 1093 seros
414 1030 569 1094 exercet
586 1031 732 1094 noctua
748 1031 893 1098 canem
955 1070 960 1081 ·

24 1115 166 1218 Adparet
182 1119 335 1222 liquido
353 1121 531 1198 sublimis
548 1121 590 1198 in
608 1146 700 1198 aere
713 1121 847 1220 Nisus,
927 1135 932 1149 '

42 1291 79 1346 401
95 1297 152 1344 Aut
165 1295 261 1346 Moret.
281 1313 333 1349 see.
355 1307 382 1350 et
401 1297 494 1366 fragm.
513 1297 610 1349 Moret.
628 1314 793 1370 -campoque
812 1292 938 1349 residunt
954 1295 1036 1348 Goth.
1054 1313 1117 1360 see.,

23 1377 56 1410 rou
71 1363 147 1426 nale,
175 1364 223 1416 sed
244 1383 276 1416 ex
295 1365 522 1435 interpretatione.
590 1365 644 1421 402
662 1367 697 1419 de
715 1367 819 1418 lunum
836 1368 903 1418 Ven.
972 1364 1025 1420 403
1042 1365 1117 1417 Nee»

20 1433 145 1501 quiquam
171 1433 283 1496 bostra,
306 1445 335 1486 ut
354 1453 410 1504 sup.
426 1438 461 1491 96
480 1454 532 1488 nee
549 1436 627 1488 illum
647 1437 737 1488 Flavo
758 1440 838 1488 Ceres
857 1437 916 1488 ulto
934 1435 1117 1506 nequidquam

20 1515 218 1568 qeuuaserva.
254 1506 287 1554 Et
305 1504 344 1557 sie
362 1524 391 1557 sa
427 1523 450 1556 e.
484 1507 523 1556 De
539 1505 757 1575 interpretatione
777 1505 830 1556 rid.
844 1507 907 1558 Not.
941 1507 1039 1573 lungo:
1056 1505 1116 1556 Ne-

20 1571 135 1648 quidquam
157 1585 267 1624 exereee
287 1593 309 1626 a.
343 1579 378 1626 At
436 1575 509 1626 uard.
525 1574 620 1644 Kiugm
645 1575 835 1646 Nequidquam
848 1591 965 1628 servans
983 1592 1116 1637 mosum,

18 1655 89 1706 quppe
105 1640 151 1710 qni
172 1641 200 1692 in
216 1651 290 1694 tanta
311 1643 376 1695 eseli
398 1643 538 1696 serenitate
557 1645 600 1696 rix
614 1643 701 1713 possit
721 1644 864 1696 obseruari.
895 1643 1018 1706 Servius,
1038 1659 1116 1712 quem

19 1707 72 1774 algo
84 1721 226 1779 sequantur
236 1711 403 1781 interpretes,
420 1715 601 1784 nequidquam
613 1731 662 1783 pro
677 1731 731 1766 non
746 1713 811 1781 poni
824 1713 889 1769 vult.
923 1715 961 1766 Io.
976 1713 1114 1766 Schrader.

18 1779 156 1832 assutas:
175 1781 362 1854 Nequaquam.
430 1781 484 1838 404
500 1783 775 1836 miserationum
790 1782 876 1834 Mesd.

16 1933 90 1993 abeas
103 1937 154 1997 ait.
200 1940 279 1998 Sunt
292 1959 361 2018 ergo
375 1939 470 2000 nubes
480 1959 535 2020 per
577 1949 629 2000 tur
641 1939 796 2000 iactando:
814 1948 922 1999 notum
937 1940 1052 2019 signum
1065 1935 1115 2000 in-

15 2021 313 2103 cadtunsparsaemox
325 2025 357 2084 in
366 2026 534 2086 densiorem
574 2027 679 2085 stantis
699 2025 874 2086 mutationis
892 2026 974 2086 caeli.
1017 2023 1115 2085 Etiam

15 2108 207 2169 etobscurem
235 2111 346 2170 nubem
384 2113 533 2172 coituras:
573 2111 647 2172 Plin.
660 2113 766 2188 XVIII,
780 2114 831 2176 88.

12 2188 66 2251 Pin.
79 2195 188 2272 XVIII,
207 2196 258 2272 85,
274 2217 297 2255 s.
313 2199 354 2262 82
383 2199 419 2256 Si
431 2197 532 2275 rushes,
617 2195 689 2262 401.
706 2201 881 2276 Sequuntur
897 2217 1029 2272 nuncea,
1039 2215 1115 2275 quae

12 2291 35 2334 u
57 2283 164 2340 vellem
201 2283 314 2357 lanae,
352 2296 534 2362 spargentur
572 2301 711 2342 serenum
745 2284 861 2342 caelum
890 2303 962 2344 vere
988 2293 1114 2362 porten-
1184 2303 1186 2308 ·
1305 2307 1306 2338 t

12 2367 100 2425 nudae
125 2367 169 2426 ab
196 2371 326 2444 oneum,
362 2389 479 2450 aquam
499 2371 533 2427 in
574 2367 666 2429 dunt:
688 2367 875 2428 subsidentes
892 2369 1034 2444 nebulae,
1056 2388 1114 2428 no-

10 2451 119 2510 mamm
140 2456 350 2532 praesagierit.
394 2455 531 2514 Alienae
573 2463 659 2514 etuas
689 2463 819 2530 cantus,
855 2461 911 2512 etc.
936 2453 1022 2512 Aret.
1041 2453 1113 2512 ibid.

10 2553 33 2590 re
52 2539 114 2596 loca
132 2548 224 2614 nunt,
257 2558 333 2616 quae
354 2539 451 2600 Cerda
468 2559 532 2598 me·
573 2540 637 2604 266
652 2532 714 2617 sqq.
738 2548 806 2598 tum
829 2537 868 2596 ad
889 2535 961 2602 402.
987 2539 1026 2596 oi.
1040 2538 1114 2598 ibid.

9 2635 114 2700 norst,
155 2624 270 2683 Lucani
298 2624 355 2702 lv,
394 2623 472 2702 124,
502 2625 533 2691 6·
573 2645 604 2684 v,
618 2627 813 2699 267===269,
836 2623 889 2683 ubi
910 2623 1019 2682 diserte
1041 2618 1115 2703 ἥσυ·

9 2703 144 2786 inustis,
155 2718 186 2768 et
198 2709 533 2787 relique-ssent·
574 2733 629 2789 χον
645 2704 803 2772 ἀείδουσαι
826 2708 909 2768 nulia
922 2727 957 2768 re
969 2708 1115 2788 interpel-
1221 2706 1226 2718 “

9 2791 80 2854 itae
100 2795 221 2855 Theaua·
233 2796 382 2875 alcyones.
413 2795 534 2855 Sioiam
574 2795 729 2856 Ianteeam
738 2794 1122 2872 canentemadeoquecon··

9 2875 116 2940 Ihm.
135 2881 200 2956 vll,
219 2881 261 2947 69
292 2879 533 2941 Nemuiibusdi-
575 2881 673 2942 tinuo.
714 2881 832 2941 Noctua
855 2881 1018 2941 observem
1044 2879 1115 2940 solie

9 2961 81 3025 betas
95 2966 225 3026 direrat.
254 2961 426 3043 Ἀλκυόνες,
446 2972 533 3048 yion·
576 2987 733 3042 oceasum,
767 2975 858 3044 atque
881 2963 956 3026 adeo
984 2975 1114 3042 nomem,

9 3057 58 3125 ιιίς
73 3055 211 3132 Νηρηΐσι
224 3053 275 3115 eui
289 3074 319 3114 re
332 3046 533 3132 μάλισταὍρ-
575 3053 680 3112 sedens
700 3053 734 3112 in
749 3052 865 3113 arboris
886 3051 1049 3128 cacumine,
1062 3073 1115 3112 ca-

9 3135 81 3213 tizos
104 3137 255 3216 tetresse
274 3131 362 3212 ὅσαις
381 3136 413 3200 τέ
429 3161 485 3219 περ
501 3137 533 3214 ἐξ
574 3142 621 3199 nit
645 3135 780 3215 assidue,
809 3137 861 3198 sed
883 3139 1019 3199 frustra:
1052 3137 1115 3200 avis

9 3217 157 3304 ἱλόςὸγρα.
180 3221 439 3286 Iisineubantibus
450 3243 533 3283 mare
574 3225 656 3286 enim
671 3223 808 3303 quamvis
827 3224 976 3301 ominosa,
997 3235 1115 3307 tempe·

9 3309 185 3386 mnquillum
198 3327 269 3384 esse,
291 3309 374 3368 unde
383 3309 445 3369 dies
456 3309 533 3368 Hal·
573 3311 717 3388 statisque
731 3311 802 3370 aIias
822 3311 944 3388 nuntia,
972 3321 1115 3372 nuncn-

9 3395 89 3468 qonii
111 3394 183 3454 dicti
205 3403 294 3471 sunt,
322 3404 397 3456 uota
414 3404 532 3456 resset.
573 3416 653 3473 men,
666 3416 726 3474 quo
737 3395 836 3457 minus
848 3396 992 3457 serenitas
1000 3397 1114 3472 redeat,

9 3477 94 3538 diens
112 3488 214 3539 temen
229 3479 355 3540 bseosb
370 3479 401 3541 b.
417 3481 437 3542 I.
450 3490 531 3558 sunt,
573 3503 637 3542 non
664 3481 798 3562 impedit
830 3483 907 3544 Plin.
936 3482 1044 3560 XVIII,
1071 3484 1113 3546 87

9 3583 46 3636 uo
62 3567 217 3646 praesagis
233 3567 399 3646 ingruentia
416 3573 534 3648 tempe-
575 3569 627 3627 Sic
659 3580 769 3627 nocam
798 3571 832 3626 in
866 3567 958 3628 imbre
985 3567 1125 3647 garrula·

9 3651 73 3708 tatis
86 3653 533 3732 minoranturmayommm
576 3650 736 3736 (praesagit
761 3648 978 3732 secutarem),
1013 3664 1047 3710 at
1064 3672 1114 3710 ss-

9 3747 231 3816 rconspectum
244 3739 385 3814 venirmt,
406 3760 460 3796 nec
473 3742 535 3799 ιιὶιί
573 3761 658 3816 reno,
686 3751 898 3818 tempestatem.
943 3735 1022 3800 Nihil
1040 3734 1114 3796 mibi

9 3821 199 3898 Vergiliarum
213 3845 322 3887 occasu
336 3837 364 3883 et
375 3827 455 3883 eirea
469 3825 533 3882 sol-
573 3823 697 3886 videtur
722 3824 815 3904 magis
849 3843 911 3884 esse
938 3822 1114 3903 expeditum

9 3909 71 3964 u'tia
93 3907 234 3968 ὂνιιιιαιι
263 3909 326 3970 vid.
351 3907 477 3970 Aristot„
492 3909 532 3970 II.
573 3909 632 3970 bac
649 3917 754 3970 nostra
770 3909 888 3973 ratione
895 3930 904 3986 3
933 3907 996 3969 vid.
1011 3918 1113 3970 nmen

9 3991 125 4065 tv‚9.
144 3992 532 4070 mutuaenutuae
572 3997 644 4058 Var.
670 3995 751 4055 Leot.
781 3991 1029 4076 (nequidquam,
1059 4015 1110 4072 sn,

9 4095 57 4152 rgo
78 4079 296 4159 premagientes
323 4081 400 4140 seris
429 4091 532 4142 muts-
573 4081 644 4161 quia
662 4101 726 4140 nou
744 4079 869 4141 auditur
890 4099 957 4141 sero
983 4083 1113 4141 mensi

9 4181 109 4220 onem
131 4165 233 4242 pennis
255 4166 392 4246 expansis
407 4183 468 4224 esse
480 4187 532 4226 so-
572 4176 611 4228 ut
625 4165 687 4226 Ecl.
706 4163 804 4242 11,4.:
833 4167 894 4242 „ibi
912 4165 987 4224 base
1005 4165 1113 4226 incon·

9 4245 195 4314 Μὶν-400.
211 4251 382 4328 umqum
395 4269 458 4310 nou
469 4273 532 4312 rno-
574 4251 639 4312 dits
660 4250 766 4310 solus
780 4250 977 4312 Montibus
999 4261 1035 4312 et
1049 4251 1113 4311 sil-

9 4336 269 4415 omesessirngis,
292 4335 531 4413 sedberbarum,
573 4337 635 4398 ris
668 4335 801 4396 studio
830 4335 1004 4398 iactabat
1030 4338 1112 4398 ina-

9 4415 150 4494 uminis,
169 4421 318 4482 meminis
341 4431 397 4482 ete.
418 4425 532 4482 eosta-
573 4422 647 4484 ni“
670 4418 759 4502 We.)

9 4513 74 4560 anst
96 4504 222 4580 ιοὶιαοι,
245 4505 276 4567 Ιι.
297 4507 341 4568 ite
353 4516 390 4567 ut
409 4507 532 4568 solvan-
616 4505 688 4571 404.
718 4504 887 4568 Haliaeetus
920 4527 1003 4570 nuuc
1036 4506 1111 4566 driu
