2606 5008
310 407 371 485 IN
402 405 714 484 GEORGICA
1000 415 1078 490 269

19 589 162 668 licandro
179 591 322 670 debere
342 617 436 670 eum
453 593 695 673 videbimus:
715 592 879 670 tandem
890 593 939 674 in
952 619 1078 672 venu-

19 709 92 788 tate,
112 697 358 796 proprietate,
385 697 498 798 copia
519 698 708 774 orationis
733 711 773 773 et
798 697 1001 796 dictionis,
1035 698 1077 774 in

19 823 61 898 pa
79 800 335 876 Lucretianum
358 825 518 876 carmen
541 813 631 877 ante
657 799 795 877 oculos
820 799 977 896 habuit,
1004 800 1078 878 sed

19 900 182 978 enollitrun
202 918 240 980 et
260 903 477 1006 expolitum
497 903 547 980 ad
564 919 774 1006 poetarum
792 903 1078 982 Alexandrino-

19 1029 69 1078 un
85 1004 321 1106 elegantiam:
350 1007 495 1109 quibus
519 1007 640 1084 rebus
666 1005 839 1085 efficitur
866 1007 1074 1085 delectatio

19 1105 62 1202 la,
82 1133 186 1210 quam
233 1125 321 1188 oeta
343 1112 417 1188 sibi
437 1111 588 1189 habere
609 1111 731 1188 debet
750 1112 1007 1212 propositam.

77 1215 188 1315 Atque
205 1139 305 1293 haec
326 1215 390 1290 illa
410 1229 521 1312 sunt,
545 1242 566 1291 a
615 1216 732 1292 uibus
748 1213 897 1312 Virgilii
914 1213 1017 1311 laus,
1044 1214 1076 1290 si

19 1313 154 1392 rindicio
180 1317 309 1422 aliquo
338 1316 518 1419 prosecta
550 1241 677 1395 videri
709 1318 854 1416 debet,
895 1317 1076 1418 inprimis

19 1419 172 1514 apetenda
189 1435 254 1501 est.
306 1425 377 1498 Est
394 1423 425 1496 is
443 1424 628 1524 proprius
646 1422 755 1524 quasi
769 1421 970 1520 Virgiliani
992 1445 1076 1496 car-

19 1519 85 1594 uinis
99 1522 304 1623 character,
322 1539 387 1622 ut,
408 1526 440 1600 si
457 1527 663 1625 ingenium
678 1527 939 1602 Homericum
955 1525 996 1600 in
1014 1526 1076 1600 in-

19 1623 160 1702 teniendis
175 1629 294 1706 rebus
311 1627 531 1726 desideres,
564 1631 596 1705 si
618 1629 899 1706 Theocriteam
925 1627 1076 1729 simpli·

19 1723 129 1824 itatem,
145 1745 182 1806 et
195 1735 367 1808 nativam
383 1733 554 1834 aliquam
567 1747 828 1832 venustatem,
847 1758 924 1835 qua
942 1731 1074 1828 animi,

19 1831 76 1904 nani
88 1848 303 1912 nostrorum
318 1861 481 1913 morum
497 1833 592 1913 fuco
607 1837 792 1914 nondum
809 1837 1075 1933 contaminati,

19 1943 161 2046 utoperc
177 1941 402 2042 capiuntur,
422 1939 565 2017 frustra
585 1942 625 2018 in
645 1965 694 2018 eo
713 1965 894 2044 quaeras,
917 1940 1075 2039 elegan-

19 2051 203 2118 tutamen
230 2043 486 2146 cultumque,
521 2044 778 2146 eundemque
799 2057 972 2141 rectum,
998 2069 1075 2144 pu-

19 2157 76 2232 nn,
96 2143 274 2244 pudicum
293 2172 338 2224 ac
356 2147 569 2246 decorum,
596 2147 794 2251 simulque
816 2146 1074 2226 elaboratissi-

19 2261 81 2356 ttun
104 2262 138 2322 et
161 2251 528 2353 exquisitissimum,
564 2249 678 2328 facile
702 2276 898 2351 agnoscas.
957 2254 1074 2326 Inve-

19 2345 98 2422 tendi
110 2353 265 2453 quidem
277 2354 512 2452 sollertiam,
533 2357 565 2432 si
583 2357 702 2432 animi
719 2381 832 2434 sensa
847 2355 972 2431 libere
990 2353 1074 2431 elo-

19 2447 106 2560 pilas
123 2471 191 2556 est,
217 2483 303 2535 non
320 2460 516 2536 maiorem
529 2461 569 2535 in
592 2460 794 2558 Georgicis
813 2483 934 2561 quam
951 2458 991 2532 in
1008 2481 1074 2534 re-

20 2552 82 2660 !qtis
95 2559 167 2636 eius
184 2563 424 2639 carminibus
443 2561 794 2664 deprehendimus.
828 2560 1074 2640 Adumbrata

20 2673 61 2727 oe
75 2665 208 2762 omnia,
243 2665 456 2767 depromta
481 2681 521 2743 et
542 2665 698 2763 hausta,
730 2665 901 2766 plurima
918 2660 1005 2738 fere
1023 2661 1074 2738 ad

20 2755 123 2840 erbum
151 2791 338 2847 conversa
369 2783 527 2847 suntet
552 2782 789 2845 transsumta
815 2793 860 2844 ex
886 2766 968 2843 aliis
993 2767 1074 2841 sive

21 2855 116 2976 baccis
141 2872 218 2950 sive
241 2873 435 2952 Romanis
466 2873 596 2974 poetis
628 2897 672 2948 ac
700 2871 968 2973 scriptoribus.
1022 2872 1076 2946 Ut

21 2981 76 3040 ttm
95 2973 162 3048 suis
180 2974 277 3054 locis
296 2976 580 3075 indicabimus,
611 2974 803 3052 nonnulla
821 2999 867 3052 ex
882 2972 1073 3069 Hesiodo,

21 3065 87 3146 tulta
104 3099 143 3150 ex
159 3081 369 3174 Lucretio;
404 3079 540 3158 locum
567 3079 618 3157 dc
647 3093 760 3182 peste
789 3104 835 3154 ex
859 3076 1010 3155 eodem
1035 3089 1075 3152 et

22 3163 205 3275 huqdide3
239 3183 331 3280 alia,
364 3185 544 3284 inprimis
569 3183 792 3260 doctrinam
813 3181 864 3259 de
884 3181 1075 3258 arborum

22 3267 88 3388 ullu,
116 3306 157 3358 ex
184 3285 485 3388 Theophrasto,
527 3287 750 3364 doctrinam
782 3285 833 3363 de
865 3285 1004 3388 apibus
1028 3311 1074 3362 ex

22 3383 178 3485 astante,
199 3389 337 3467 locum
354 3389 405 3468 de
421 3390 690 3492 serpentibus,
715 3391 896 3492 inprimis
912 3389 964 3466 de
979 3387 1074 3464 che-

23 3473 140 3596 llfNJ,
166 3515 210 3566 ex
223 3493 413 3572 Nicandri
434 3494 654 3588 Ther-tacis,
680 3494 816 3571 locum
831 3493 1073 3594 deprogno-
1168 3517 1170 3522 ·

23 3585 73 3692 tan
96 3601 214 3671 totum
241 3623 289 3674 ex
316 3599 423 3675 Arati
447 3599 670 3676 Diosemeis
687 3605 771 3698 **),
804 3590 998 3674 nonnulla
1028 3617 1074 3667 ex

24 3690 225 3790 »euphoniis
244 3702 540 3798 Oeconomico,
563 3724 749 3800 magnam
766 3711 1074 3802 praeceptorum

24 3799 126 3892 anem,
153 3801 332 3904 inprimis
351 3804 403 3882 de
423 3803 627 3906 pecudum
647 3829 757 3902 cura,
792 3829 838 3881 ex
858 3806 1010 3882 Catone
1034 3810 1075 3874 et

24 3883 132 3976 boone
151 3907 354 3986 transtulit.
408 3909 529 3986 Cuius
549 3909 608 3984 rei
635 3920 784 4010 quanto
804 3901 1073 3982 manifestiora

25 3987 126 4112 'abituri
142 4031 313 4088 essemus
330 4009 492 4108 indicia,
514 4011 546 4086 si
563 4011 805 4113 antiquiores
822 4020 1003 4085 auctores
1021 4003 1073 4082 de
1121 4103 1133 4116 ἢ

25 4113 44 4164 tt
58 4099 187 4188 Rustica
206 4127 245 4190 et
260 4114 422 4214 singulis
440 4115 523 4192 eius
538 4114 716 4218 partibus
730 4119 833 4212 m),
859 4110 1073 4214 praecipuo

29 4275 89 4364 μ’·
98 4293 134 4358 ¹11»
144 4295 192 4356 432
204 4321 260 4375 sqq.
567 4305 611 4374 m)
629 4303 714 4358 Multa
725 4317 814 4354 eorum
826 4311 855 4355 et
864 4317 957 4372 magna
969 4301 1073 4354 uomina

46 4354 120 4414 lum·
130 4367 237 4426 Maeote.
250 4377 322 4441 Μ.
532 4378 691 4440 overtona,
707 4371 859 4441 Columdlr,
876 4381 905 4425 et
916 4371 1001 4426 Plinio
1013 4389 1073 4424 ure-
