2784 4988
221 411 344 464 arun
539 391 651 466 TIB.
685 389 767 465 CL.
800 387 1036 464 DONATI

222 581 361 656 viatoris,
387 577 475 639 initio
494 579 729 656 mercenarium,
752 599 825 640 mox
844 579 883 639 ob
905 577 1088 640 industrium
1101 594 1261 656 generum,
1281 584 1339 636 tra-

224 667 383 742 diderunt3
405 663 493 744 quein
507 687 575 726 cum
591 666 797 744 agricolationi
811 666 914 744 reique
927 665 1057 726 rusticae
1069 673 1099 722 et
1113 663 1249 742 gregibus
1259 681 1340 742 prae-

224 753 344 812 fecisset
362 771 460 810 socer:
488 752 569 812 silvis
590 751 763 811 coemundis
781 760 812 810 et
833 752 938 832 apibus
953 750 1094 810 curandis
1105 750 1238 809 reculam
1254 747 1340 807 auxit

199 841 319 899 2Natua
341 846 387 896 est
406 839 459 896 Cn.
479 837 618 918 Pompeio
638 837 763 917 Magno,
793 837 833 898 M.
850 837 962 897 Licinio
985 838 1091 896 Crasso
1110 835 1242 916 primtun
1260 834 1341 908 Coss,

223 925 334 984 Iduum
347 923 523 982 Octobrium
539 923 598 1000 die,
620 925 749 1003 inpage,
771 925 823 1002 qui
835 923 937 984 Andes
952 922 1081 997 dicium,
1110 921 1163 1000 qui
1174 929 1218 980 est
1230 941 1247 977 a
1261 919 1342 980 ldan-

200 1020 279 1073 atuu
296 1031 358 1068 non
376 1009 492 1089 procul.
534 1010 703 1090 Praegnans
725 1029 760 1069 eo
783 1019 879 1070 mater
898 1005 1166 1082 somniavitllaia,
1187 1006 1304 1065 enixum
1318 1025 1344 1064 sa

224 1097 361 1155 laureum
374 1115 502 1170 ramum,
524 1114 613 1174 quem
626 1103 768 1154 contacta
781 1105 864 1156 terra
882 1093 1037 1154 confestim
1051 1101 1188 1153 cerneret
1198 1091 1344 1164 coaluisse,

225 1192 257 1242 et
270 1181 435 1242 merevisse
454 1181 534 1240 illico
550 1182 582 1240 iu
598 1182 727 1262 speciem
745 1192 882 1243 maturae
897 1180 1030 1256 arboris,
1050 1181 1177 1240 refertae
1189 1177 1281 1238 variis
1291 1198 1345 1258 po-

223 1383 334 1437 Aeueidi
347 1383 404 1436 lere
417 1383 542 1454 praelixa,
558 1384 606 1436 sub
621 1383 704 1437 Servii
715 1400 768 1435 no-
807 1401 833 1436 r.
850 1385 881 1438 11
896 1382 987 1447 Polla,
1006 1383 1099 1454 Mugis'
1109 1401 1166 1435 nors
1176 1381 1272 1450 infima
1279 1400 1346 1452 pro-

223 1456 293 1506 mine
305 1455 494 1506 circumfertur.
528 1456 659 1506 Habemus
680 1453 768 1517 aliam,
810 1453 860 1517 les,
878 1452 991 1516 dieitur,
1009 1451 1124 1504 aliiviro
1141 1451 1282 1520 aliquando
1297 1469 1348 1502 nu-

224 1541 290 1594 quae
305 1523 394 1576 Probo
406 1524 538 1576 tribuitur.
562 1524 615 1576 Sed
630 1523 702 1575 nulla
719 1533 767 1587 est,
808 1533 855 1592 pta
869 1540 926 1574 esse
939 1522 1039 1586 debuit,
1057 1541 1115 1574 cum
1126 1521 1347 1590 1111ηῇ56711-

223 1591 767 1734 {tstt⁰¹tlitt⁰ltilt⁰¹¹tttttt
808 1589 1349 1730 t,1,ft⁰s²ssts⁰¹‘sss'sstss

224 1749 359 1799 agnoscas.
376 1733 450 1794 Quae
463 1729 507 1782 alii
520 1733 554 1782 de
569 1734 674 1784 Donati
684 1747 766 1801 opere
809 1731 868 1782 dem
885 1731 1034 1800 scripserat.
1068 1699 1162 1798 quue
1176 1748 1216 1794 es,
1234 1747 1298 1800 quae
1317 1729 1347 1780 de

224 1801 378 1864 iudicarint,
402 1801 462 1852 ride
485 1799 512 1852 iu
532 1801 582 1865 iia,
605 1801 679 1870 quia
697 1804 767 1852 Bur-
807 1801 916 1869 magicis
942 1809 1039 1870 poetae
1059 1800 1159 1851 artibus
1183 1817 1215 1851 ex
1232 1798 1350 1851 Elinandi

224 1887 318 1921 manno
341 1867 376 1921 ad
397 1869 586 1938 Antbologiam
608 1871 667 1922 Lat.
691 1873 724 1922 T.
746 1873 767 1934 l,
807 1869 930 1924 monachi
948 1875 1076 1990 Ὲιιοηιιιη
1089 1869 1112 1920 is
1126 1879 1167 1921 eat
1188 1869 1258 1922 cirea
1272 1868 1350 1932 1227)

224 1941 311 2009 p-369
323 1939 470 1991 laudantur.
506 1941 573 1992 Mihi
586 1941 766 2009 quidemsor-
808 1940 929 1991 Chronic.
964 1939 997 1990 'b.
1013 1940 1108 1990 XXVI
1126 1949 1215 1991 narrat
1229 1939 1351 1990 Vincent.

225 2019 279 2060 tem
291 2025 443 2076 magnorum
459 2009 573 2061 virorum
588 2019 616 2061 et
634 2011 766 2074 somenam
810 2009 941 2060 bellovac.
965 2009 1071 2078 specul.
1099 2009 1159 2061 hist.
1178 2008 1226 2060 lib.
1244 2009 1302 2070 Vll,
1331 2026 1350 2058 o.

225 2077 766 2200 ἓῗῖἵῃὶιὲἶώ1111ξῖ1ᾙὶ1Ὓῖῗῇ
808 2078 1307 2201 ilisiimi⁰ii⁰isilpiiir⁸dvviii
1327 2080 1352 2128 δ’

225 2216 330 2286 quidem
351 2165 459 2282 estlita
480 2227 509 2268 ut
522 2169 616 2288 digeris
636 2167 708 2270 tinio
726 2217 771 2268 in·
814 2219 865 2274 125
885 2217 962 2272 aliam
994 2186 1139 2286 originem,
1172 2185 1251 2284 buain
1273 2165 1352 2267 mili

225 2286 303 2354 genio
325 2299 369 2338 ant
382 2297 452 2339 tanta
467 2287 565 2339 virtute
584 2287 770 2339 immortalita—
811 2299 981 2340 memoratum
997 2287 1108 2340 nominis
1127 2284 1286 2354 scripturam
1303 2285 1352 2336 bu-

155 2365 162 2379 *
224 2356 258 2407 tis
282 2355 381 2407 fruetus
404 2355 437 2407 iis
458 2357 582 2421 tandmu,
614 2356 658 2426 qni
683 2356 771 2408 meriti
810 2357 899 2408 baisse
912 2357 1043 2408 videntur.
1058 2354 1175 2406 Accessit
1188 2351 1268 2418 lorte,
1282 2355 1354 2422 quod

225 2434 327 2488 essent,
345 2424 497 2494 contingere
512 2425 661 2489 videretur3
677 2425 710 2477 iis
724 2435 769 2477 tu-
809 2427 932 2478 monuehi
961 2441 992 2474 ex
1020 2423 1118 2492 Ecloga
1143 2425 1206 2476 VIII
1233 2423 1353 2492 inprimis

224 2511 284 2545 men
296 2495 474 2562 temporibus,
498 2514 558 2547 cum
576 2514 658 2564 genus
673 2496 768 2547 bume-
809 2513 861 2546 vsa.
875 2495 910 2549 96
932 2509 989 2574 sqq.
1010 2509 1084 2544 sacra
1103 2492 1206 2562 magica
1224 2493 1355 2544 memine-

224 2581 284 2614 nnm
311 2563 433 2632 genubus
460 2565 690 2632 superstitionibus
720 2581 768 2616 ea-
810 2572 877 2614 rant.
913 2562 1026 2628 copreae
1048 2580 1079 2613 ea
1101 2563 1135 2614 de
1153 2580 1183 2614 re
1204 2562 1260 2631 egit
1274 2565 1353 2614 Nau-

224 2644 299 2704 ptum
325 2643 396 2696 erat,
426 2643 527 2686 tuntum
548 2651 628 2703 saepe
652 2633 769 2686 sordium
811 2631 885 2694 deus,
898 2631 1033 2703 Apologia
1047 2632 1096 2683 das
1106 2631 1215 2702 grands
1235 2633 1357 2684 hommes

225 2719 320 2756 nomen
344 2702 412 2754 illud
436 2722 467 2754 ex
488 2703 645 2772 contagione
671 2700 769 2755 saeculi
810 2719 860 2754 sou
880 2701 982 2766 pennis
1000 2701 1034 2752 de
1052 2703 1148 2772 Magia
1169 2701 1211 2752 cb.
1225 2702 1307 2766 XXI,
1328 2711 1356 2752 et

224 2765 368 2836 contraxit,
387 2783 416 2824 ut
434 2773 485 2824 iam
507 2771 553 2824 illa
574 2772 713 2824 celebritas
734 2771 769 2824 ad
810 2773 864 2840 Ilay
878 2771 915 2823 'us
945 2773 1129 2836 Dietionoire,
1157 2787 1216 2822 roc.
1246 2773 1357 2842 Virgile

224 2841 316 2912 inepta
329 2859 415 2894 rerum
429 2842 570 2904 miracula,
588 2853 720 2906 monstra,
738 2859 768 2894 ae
809 2841 863 2893 litt
878 2843 901 2893 l.
933 2841 1005 2892 llaec
1023 2841 1113 2892 eadem
1134 2839 1227 2910 opinio
1240 2840 1276 2892 de
1298 2859 1358 2892 mu·-

223 2912 463 2982 portentarediret.
499 2914 528 2963 ln
543 2912 648 2981 Virgilii
666 2929 769 2964 memo-
811 2909 870 2979 gica
890 2909 996 2978 Virgilii
1021 2909 1131 2961 scientia
1153 2910 1260 2962 ridetur
1288 2911 1359 2961 effe-

225 2982 291 3033 riam
319 2981 415 3034 Iabulis
442 2981 562 3034 absurdis
587 2983 769 3034 contaminan—
810 2980 893 3044 cisse,
926 2989 954 3030 nt
972 2995 1022 3050 pro
1052 2979 1165 3032 amuleto
1191 2979 1360 3034 haberentur

225 3050 286 3100 dam
302 3066 392 3100 omnes
405 3051 593 3102 monachorum
607 3051 769 3104 tribuscon-
809 3049 880 3100 numi
898 3049 1057 3102 conteruisti
1080 3067 1137 3100 cum
1159 3049 1215 3102 eius
1241 3049 1361 3116 imagine

226 3117 340 3185 spirasse
360 3117 496 3183 ridentur,
516 3120 575 3188 qui,
592 3137 649 3172 cum
661 3133 769 3172 saneto·
810 3119 911 3171 efficta:
941 3119 974 3170 cl.
993 3118 1067 3170 lrlisc.
1081 3119 1157 3170 Obss.
1176 3136 1263 3172 norae
1285 3121 1321 3171 T.
1340 3121 1364 3182 1,

225 3203 283 3238 rum
297 3203 403 3238 snorum
422 3190 537 3239 virorum
556 3191 707 3242 memoriam
726 3199 770 3240 tot
810 3209 837 3260 p.
859 3191 903 3254 16,
924 3187 1050 3240 Bonlaore
1071 3187 1097 3240 iu
1119 3190 1201 3242 Μόνη.
1224 3189 1262 3242 de
1286 3193 1363 3242 Tre-

224 3253 354 3324 pudeudls
371 3267 397 3307 et
411 3255 498 3308 stultis
512 3257 694 3312 miraculorum
705 3277 769 3310 uar-
810 3277 883 3311 trouu
900 3257 977 3321 174³,
993 3258 1084 3310 Auril.

225 3324 370 3376 rationibus
399 3327 553 3388 foedarent,
580 3327 645 3398 quid
668 3328 770 3395 nurum,
852 3329 937 3381 Silvis
963 3327 1139 3392 coemendis,
1172 3327 1363 3380 conducendis

225 3393 668 3518 :zpffipopzenbppmssilgufflbm
687 3398 769 3481 ador·
812 3407 840 3449 et
857 3397 1233 3520 redimepdipmasncipnmhut
1247 3397 1295 3467 qui
1308 3417 1365 3468 pe-

226 3533 348 3603 prodigia
369 3545 397 3586 et
420 3535 548 3604 reliquam
567 3486 648 3589 linitis,
663 3485 768 3605 goddbiii
811 3485 1008 3607 enipi-sellum
1026 3485 1186 3590 biclisdalib.
1204 3485 1366 3606 r§imboli-orte

226 3604 424 3672 τερατολογίαν
437 3605 471 3658 ad
479 3605 595 3658 taedium
607 3625 689 3678 usque
702 3626 769 3660 con·
811 3625 843 3658 ex
871 3605 1097 3674 interpolatione,
1137 3607 1172 3658 de
1200 3605 1369 3689 praesagiis,

225 3685 371 3741 gesserunt.
810 3693 921 3745 quorum
941 3675 1065 3745 pleraque
1080 3695 1095 3728 e
1113 3675 1317 3728 narrationibus
1330 3676 1369 3726 de

261 3743 284 3812 ᾗ.
302 3746 326 3797 1.
344 3761 422 3814 quem
435 3744 684 3815 quidam-ausis.
700 3747 770 3798 Pos-
801 3761 961 3814 ,magnorum
973 3745 1102 3809 uirorum
1120 3757 1149 3798 ut
1163 3747 1241 3815 Cyri,
1257 3747 1373 3798 llomu-

225 3821 287 3864 aunt
309 3812 375 3865 haee
396 3813 429 3865 ab
454 3813 647 3882 interpolatore
669 3817 769 3868 inserta
810 3813 844 3878 li,
878 3813 1008 3866 natalibus
1034 3816 1205 3882 adumbrata,
1230 3813 1373 3867 nonnulla

224 3880 316 3932 videri.
352 3882 471 3952 Figulum
492 3895 592 3954 patrem
607 3884 671 3937 lucit
690 3885 768 3938 etiam
811 3903 843 3936 ex
859 3883 918 3954 ipso
934 3883 1040 3954 Virgilii
1059 3885 1165 3937 nomine
1185 3885 1270 3938 ducta
1291 3896 1373 3944 aunt,

224 3949 325 4001 Phocus
341 3969 365 4002 r.
381 3953 407 4006 6.
810 3965 1008 4018 memorantur,
1051 3963 1152 4006 tantum
1182 3972 1237 4006 non
1272 3954 1373 4006 emh

245 4019 351 4098 ..Mugii
365 4020 521 4083 cuiusdam,
552 4021 677 4075 viatoris.
707 4023 769 4074 Ma·
810 4023 1042 4076 Grammaticorum
1057 4023 1165 4076 somniis
1180 4035 1245 4076 sun·
1260 4032 1373 4066 800θῦ-

226 4101 272 4154 gn,
286 4101 330 4154 qm
345 4103 407 4137 arus
419 4089 525 4158 Virgilii
540 4101 672 4143 maternus
686 4091 768 4143 tuisse
810 4092 899 4144 aenda.
917 4098 1003 4162 Auget
1016 4093 1095 4146 etiarn
1109 4092 1251 4138 “flww
1261 4085 1373 4136 Grem-

224 4153 351 4218 traditur,
368 4171 464 4208 nomen
484 4177 541 4210 cum
553 4161 647 4212 ceteris
661 4161 768 4230 ineptiis
810 4161 919 4214 mationa
938 4161 964 4212 in
977 4161 1038 4206 Vita
1058 4151 1161 4273 Virgilii
1181 4171 1207 4205 v·
1228 4155 1373 4210 13-40.

225 4223 309 4276 malae
322 4221 394 4274 baud
412 4225 493 4278 dubie
511 4228 657 4297 scripturae
673 4229 700 4278 in
715 4245 768 4279 no·
809 4231 919 4278 Poenica
950 4223 1080 4276 suavitate
1125 4241 1173 4274 aee
1197 4223 1373 4276 condierunt

225 4291 295 4345 mine
310 4292 401 4344 rustris
420 4297 523 4367 Magus
543 4309 570 4348 et
582 4299 695 4418 Mappna
716 4313 788 4364 pro,
809 4297 863 4346 lor.
886 4296 1018 4346 Fontanus
1039 4291 1153 4346 Uraniae
1172 4291 1221 4344 lib.
1243 4295 1281 4358 11,
1321 4311 1373 4362 ag.

226 4361 453 4416 Moiosdebetnr.
479 4367 625 4418 Secundum
659 4383 690 4418 oc
705 4383 767 4417 arus
809 4361 1275 4432 2968.0pp.T.1v.1²01itisnusin
1314 4381 1373 4414 un-

225 4441 357 4484 maternus
378 4433 473 4485 Maius
488 4434 572 4486 dietus
594 4453 652 4488 esse
663 4436 768 4556 lpotuit.
809 4443 855 4498 to,
873 4431 954 4514 digno
972 4431 1102 4496 carmine,
1118 4431 1202 4514 ¹quod
1220 4450 1284 4486 cum
1306 4432 1373 4502 ipsu

225 4503 326 4568 Mater,
350 4518 416 4572 quae
437 4503 525 4555 Ptobo
544 4505 639 4570 Polla,
684 4505 768 4558 boesa
810 4503 926 4554 Masonsa
938 4501 1052 4554 lectione
1065 4512 1248 4572 consurgatur.
