2652 5032
186 335 545 417 cnonmcon
571 339 675 417 mu.
701 339 750 438 u,
777 343 1025 424 saman*
1054 351 1148 424 ,497

42 529 140 600 Hanc
156 527 308 600 Remus
328 535 367 600 ct
385 521 530 617 fratem
551 525 605 600 sic
622 523 737 601 fortis
752 529 908 606 Etruria
926 533 1047 607 crevit

43 628 189 703 Scilicet
207 640 247 704 et
264 651 400 702 rerum
415 624 517 702 sacta
536 641 594 703 est
608 628 847 729 pulcerrima
864 633 1013 732 Roma,
1191 706 1193 710 .

41 735 277 831 Septemque
293 753 373 806 una
390 729 463 805 sibi
479 755 598 807 muro
616 732 877 810 circumdedit
894 760 1012 815 arces.
1073 741 1152 819 535

40 841 131 910 Ante
151 835 271 908 ctiam
288 845 490 934 sceptrum
505 835 654 911 Dictaei
672 837 793 935 regis,
821 851 861 913 et
880 852 971 914 ante

38 937 141 1037 lupia
158 961 281 1038 quam
300 937 419 1012 caesis
435 959 532 1035 gens
551 950 609 1014 est
627 938 780 1039 epulata
798 939 984 1039 inventia,

8 1081 10 1086 ν
37 1047 184 1116 Aureus
201 1039 304 1114 hanc
322 1040 443 1115 vitam
459 1041 501 1114 in
518 1043 631 1116 terris
652 1045 842 1119 Saturnus
859 1044 1008 1142 agebat.

36 1141 212 1220 Necdum
232 1143 350 1219 ctiam
368 1143 573 1219 audierant
588 1143 715 1220 inflari
733 1146 906 1244 classica,
933 1145 1109 1224 necdum

7 1243 9 1320 j
36 1247 230 1346 inpositos
247 1245 356 1342 duris
376 1247 567 1348 crepitare
584 1247 794 1324 incudibus
812 1274 935 1329 enses,
1073 1254 1150 1328 540

82 1347 165 1426 Sed
180 1372 254 1424 nos
269 1351 497 1426 inmensum
513 1351 644 1451 spatiis
662 1351 908 1430 confecimus
927 1376 1098 1454 aequor3

80 1491 169 1566 533.
197 1509 360 1582 canum
471 1529 472 1534 Ν

4 1739 6 1746 .
64 1676 116 1730 534
134 1675 224 1728 Malim
238 1673 360 1745 iungere:
384 1677 431 1729 Sic
440 1675 530 1748 fortis
541 1679 658 1730 Etruria
673 1679 759 1731 crevit
772 1679 896 1742 Scilicet,
921 1691 1061 1730 atterum.
1094 1679 1150 1730 Eo-

33 1745 87 1796 dem
102 1746 183 1798 modo
195 1749 215 1810 1,
233 1747 293 1800 281.
310 1748 369 1801 282.
406 1749 496 1816 (Recte
510 1747 617 1816 utique3
643 1765 701 1799 nem
718 1760 746 1799 es
759 1757 822 1817 pust
834 1747 937 1800 srs't'icet
951 1748 1066 1820 positum
1075 1749 1151 1800 vale-

32 1825 69 1866 ret
83 1817 175 1878 etiem,
192 1815 398 1880 utGe.1,498.
420 1817 493 1886 Wr.)
562 1817 614 1872 535
631 1817 703 1868 Idem
717 1835 806 1870 versus
818 1821 883 1874 Aen.
900 1817 946 1880 vl,
962 1819 1022 1872 786.
1050 1836 1065 1869 s
1098 1831 1151 1870 tem

30 1901 98 2002 ινα
113 1901 174 1935 nna
193 1884 235 1936 ed.
253 1886 320 1936 lunt.
340 1893 368 1936 et
388 1883 465 1936 aliae.
533 1885 586 1940 536
605 1891 697 1938 Antea
715 1886 784 1940 Gud.
853 1885 906 1940 540
922 1889 1055 1959 Inpositis
1065 1837 1152 1940 zeus

58 1953 127 2005 edic.
143 1971 159 2006 e
174 1971 208 2006 m.
222 1971 263 2024 pr.
298 1956 350 2022 (est
365 1971 396 2006 ea
410 1954 485 2026 prior
495 1953 585 2008 lectio.
606 1955 681 2023 Wr.)
947 1983 953 1999 ι

30 2120 99 2170 tura
121 2118 338 2190 pervenerunt.
380 2109 573 2170 Burmannus
613 2121 704 2192 poeta
718 2111 816 2191 ipsum
831 2109 909 2170 dixit
925 2107 1079 2190 aeneum),
1108 2111 1151 2170 sic

28 2196 239 2276 intempestive
272 2195 409 2254 Etnniae
443 2197 571 2256 mentio-
614 2197 760 2257 vivebant
771 2195 915 2255 homines.
950 2199 1055 2274 Impia
1065 2217 1150 2274 gens,

27 2303 113 2356 nem,
144 2291 175 2341 et
196 2301 257 2340 non
277 2280 335 2339 nisi
348 2281 379 2340 in
393 2280 573 2342 Maecenatis
614 2281 645 2348 h.
675 2281 830 2341 hominum
861 2300 973 2360 genus,
1007 2284 1147 2359 irnpiztm,

28 2369 174 2446 gratiam,
208 2366 274 2426 fieri
291 2367 403 2443 aiebat3
431 2367 483 2426 sed
499 2367 573 2446 quid
615 2367 697 2446 quod
712 2375 840 2426 naturae
852 2365 945 2444 legem
962 2365 1071 2440 violat,
1093 2367 1151 2424 bo-

27 2451 573 2534 potissimum-virdomssimusinhac
614 2471 684 2513 vem
700 2450 869 2511 mactando.
892 2451 930 2510 cf.
949 2448 1033 2509 Aret.
1053 2449 1151 2509 Phae-

27 2539 201 2620 suspicione
216 2546 358 2616 sequutus
374 2539 426 2614 sit,
448 2539 573 2598 videtur
614 2558 696 2598 nom.
718 2541 788 2600 182.
813 2534 871 2593 Cic.
893 2535 929 2593 N.
948 2535 983 2593 D.
1004 2535 1042 2609 Π,
1054 2539 1104 2610 63,
1117 2533 1150 2614 i·

27 2628 108 2685 esum
124 2623 238 2702 aliquid
255 2632 398 2702 sequutus
412 2641 488 2699 esse,
510 2629 573 2684 rion
617 2624 686 2688 159.
710 2619 765 2703 (-
779 2621 851 2686 538.
873 2639 980 2677 aurem
991 2620 1148 2694 Saturum,

26 2710 178 2791 apposuit
222 2709 318 2768 Fuere
329 2709 434 2787 utique
449 2727 572 2788 magnae
615 2708 654 2767 ob
673 2725 798 2767 auream
821 2712 961 2781 semem,
993 2704 1077 2764 catius
1102 2704 1152 2764 ills

25 2798 228 2856 Etruscorum
259 2814 328 2874 opes
362 2803 394 2853 et
419 2803 572 2854 terrarum
614 2801 768 2872 tamquam
786 2809 895 2871 parens
914 2799 944 2848 et
965 2799 1072 2850 auctor
1082 2789 1150 2850 suit.

25 2883 128 2942 cultus
142 2879 281 2960 egregius.
317 2878 388 2946 534.
405 2874 572 2957 nmmsa-
614 2878 757 2938 Similiter
788 2875 939 2937 Theocrit.
966 2875 1046 2951 XII,
1084 2876 1190 2940 15ar

23 2981 73 3026 cta
93 2980 137 3025 est
147 2967 347 3043 pulsantia,
369 2974 441 3024 nota
466 2966 571 3042 forms,
614 2957 657 3045 „d
676 2965 716 3045 ῥα
728 2955 794 3027 τότ’
806 2953 887 3043 ἦσαν
906 2954 1040 3044 χρύσειοι
1058 2957 1151 3024 πάλαι

24 3073 120 3132 quam
140 3051 243 3110 Bmm.
261 3050 300 3108 ad
326 3049 357 3109 8.
380 3049 401 3109 l.
424 3049 569 3126 illustrat,
615 3045 762 3132 ἅνδρες.“
787 3045 922 3129 Jacobs.)
975 3049 1047 3112 589.
1068 3047 1151 3105 claa-

23 3139 167 3198 0mnium
192 3136 385 3216 imperiorum
415 3144 572 3215 praestan·
613 3137 677 3193 sica
690 3135 813 3213 inflari,
843 3133 910 3192 cani
924 3131 1029 3192 inflato
1044 3152 1149 3207 cornu,

21 3225 176 3284 tissimum
189 3241 225 3280 ac
242 3221 445 3280 beatissimum
458 3222 572 3280 sectum
612 3219 687 3282 tuba
696 3264 705 3296 ,
726 3219 862 3278 bucone
877 3217 939 3278 vid.
950 3219 1085 3298 Propert.
1101 3217 1150 3291 111,

20 3321 81 3370 est.
126 3307 235 3367 lisdem
254 3307 317 3366 fere
343 3305 444 3366 verbis
467 3307 570 3366 Cicero
613 3308 643 3380 8,
657 3304 708 3368 41.
723 3305 775 3370 42.
795 3301 845 3385 (2,
867 3307 916 3366 11.
941 3303 1003 3386 12.)
1017 3303 1094 3362 cons.
1110 3302 1151 3360 ad

19 3417 83 3476 pro
107 3395 196 3452 Rosc.
214 3391 313 3452 Amer.
335 3413 361 3452 c.
381 3394 437 3466 18,
464 3388 496 3471 ς.
519 3392 569 3457 50.
612 3387 919 3466 Tibull.1,1‚4.-
941 3388 1013 3454 540.
1036 3389 1150 3446 Ornata

19 3483 171 3541 Formam
192 3487 292 3537 temen
309 3485 340 3536 et
360 3477 510 3536 rationem
522 3477 570 3535 lo-
611 3495 684 3556 pro,
705 3473 833 3557 procudi
851 3492 943 3532 enses.

19 3564 142 3646 quendi
163 3585 226 3622 sion
249 3561 402 3643 expedivit
418 3562 570 3622 Burman-

18 3675 95 3714 nus.
139 3649 194 3708 Est
207 3649 319 3710 scilicet
331 3649 479 3708 Graecum
496 3651 571 3728 χρῆ·
655 3642 729 3710 541.
751 3642 823 3709 542.
845 3639 1150 3700 Sedfinisfaciendus

19 3764 67 3818 μα
96 3731 277 3807 κάλλιστον,
305 3755 351 3793 res
372 3733 569 3810 pulcerrima,
613 3737 660 3788 est
679 3729 765 3790 libro.
813 3727 927 3786 Eodem
952 3734 1043 3806 tropo
1069 3727 1149 3804 Try-

19 3834 54 3884 et
92 3820 213 3881 doctius
242 3821 427 3898 pulcerrima
460 3839 568 3877 mmm.
613 3811 715 3895 phiod.
739 3810 802 3878 664
831 3804 993 3874 Mercrius
1014 3806 1067 3872 ὅδε
1092 3805 1149 3888 μό-

18 3911 107 3969 Tum
128 3907 242 3965 seilicet
263 3914 308 3964 est
330 3900 385 3984 δὴ,
408 3899 483 3984 ἄρα,
505 3903 570 3962 uti·
613 3907 699 3980 χθος.
729 3894 786 3980 aye
808 3891 839 3960 d’
862 3889 938 3976 irrep
953 3889 1149 3958 transitis-

18 4013 110 4074 que,
146 4009 230 4052 sane.
279 3990 321 4048 Ut
353 3989 467 4048 Graece
495 3989 570 4047 sint:
614 4003 657 4047 σω
684 3981 834 4063 wopaina
861 3974 1062 4059 ἅμφιέλισσαν
1088 3979 1150 4044 dm·

16 4071 141 4158 καὶδὴ
167 4073 220 4138 sui
246 4069 349 4178 Ῥώμη
378 4071 497 4155 ἤκμασε
521 4070 572 4136 dcci
613 4063 779 4152 ψαύουσαν
808 4059 932 4165 5185ἲηί1.Ι
963 4085 1076 4144 aequor
1099 4068 1149 4126 ta-

18 4168 142 4236 ςοῦτο,
178 4155 334 4222 κάλλιστον
370 4183 401 4220 τι
436 4163 568 4242 πρᾶγμα,
613 4173 747 4212 mensum
768 4163 892 4230 spalat,
923 4169 1067 4209 immensa
1080 4171 1149 4230 spa-

17 4249 102 4318 535.
125 4265 210 4306 ames
220 4265 276 4324 pro
290 4244 451 4306 montibus.
611 4240 671 4313 tis,
702 4237 732 4296 h.
754 4235 913 4309 decursus,
941 4233 1068 4311 hebens,
1088 4236 1148 4294 im-

69 4335 146 4398 536.
173 4329 253 4390 ante
282 4331 399 4404 lovem,
425 4329 482 4388 sub
501 4345 570 4406 rege
611 4341 783 4384 mensorum
816 4319 980 4400 spatiorum
1017 4339 1148 4400 campus.

15 4425 179 4492 Saturno,
215 4435 306 4478 aurea
338 4424 437 4474 aetate
467 4409 570 4498 (unde
612 4411 655 4470 De
673 4411 780 4488 spatiis
803 4405 865 4466 vid.
887 4405 928 4464 ad
956 4406 1008 4467 Ge.
1027 4406 1057 4482 1,
1076 4407 1147 4472 512.

80 4519 237 4592 Vmcn.
265 4517 371 4592 Tou.
395 4515 425 4588 1.
891 4509 942 4579 ³2
