2710 4998
144 320 182 446 'a
348 366 422 442 or
450 363 720 444 cunnum
744 363 1058 455 nocomoo

158 569 315 648 tenues,
341 553 530 648 humiles,
557 564 598 628 et
611 551 723 642 viles,
749 550 802 628 ita
826 563 872 626 ut
885 563 1070 628 ornatum
1086 562 1324 655 ,respuant

159 669 225 734 aut
243 657 335 758 ipsis
351 656 594 733 ornamentis
624 653 855 754 displiceant
880 652 1165 752 sagacioribus3
1201 666 1322 728 sunt

159 760 248 858 alia,
276 784 377 861 quae
399 759 439 836 in
455 758 530 834 alio
547 756 653 836 forte
668 758 841 832 carmine
859 754 1025 834 feliciter
1048 755 1319 834 adumbrata

158 863 314 965 placere
346 864 516 963 possint3
547 862 682 938 sedin
710 874 848 951 nostro
876 883 1023 960 genere
1051 873 1226 940 tantum
1265 885 1320 934 ea

159 980 251 1042 sunt
275 963 535 1057 admittenda,
563 990 665 1066 quae
679 965 862 1062 otiosam,
889 976 1086 1060 securam3
1111 961 1318 1042 liberam

160 1083 201 1146 et
218 1069 405 1144 omnibus
421 1070 522 1146 curis
537 1067 706 1144 solutam
722 1067 970 1172 negotiisque
984 1093 1151 1155 vacuam
1166 1069 1319 1142 vitam

160 1171 346 1248 exhibere
362 1185 401 1246 et
416 1173 609 1248 subiicere
624 1171 802 1248 sensibus
816 1172 959 1246 nostris
973 1181 1166 1272 possunt,
1195 1196 1316 1270 qua

159 1275 205 1350 lis
231 1299 372 1352 eorum
386 1273 599 1350 h'ominum
625 1289 665 1351 et
692 1273 788 1352 olim
808 1271 907 1367 fuit‚··
927 1286 966 1348 et
983 1273 1114 1348 adhuc
1138 1272 1187 1346 in
1208 1274 1317 1374 qui-

159 1377 328 1453 busdam
343 1379 456 1453 terris
480 1391 555 1472 est,
583 1379 650 1480 qui
671 1375 854 1452 nondum
870 1377 912 1450 in
938 1377 1109 1453 civitates
1132 1375 1313 1454 redacti

86 1495 96 1502 ”
160 1493 227 1556 aut
246 1481 402 1582 imperii
427 1480 554 1582 aliqua
575 1479 705 1557 forma
722 1479 905 1580 descripti
920 1492 1029 1556 sunt=
1056 1479 1135 1573 Qui
1152 1477 1314 1553 homi-

160 1609 232 1658 nes
258 1609 350 1659 cum
373 1596 438 1660 aut
460 1585 671 1660 venatione
693 1597 758 1659 aut
778 1583 958 1684 pastione
980 1583 1133 1660 victum
1166 1608 1313 1682 quae-

160 1699 268 1784 rant,
296 1711 388 1762 nam
410 1688 692 1767 cumaratione
719 1700 758 1762 et
777 1709 943 1786 magnos
958 1684 1179 1762 hominum
1202 1709 1313 1760 coe-

160 1802 223 1864 tus
241 1789 327 1886 cogi
343 1803 382 1865 et
396 1789 560 1866 naturali
578 1789 758 1866 libertate
780 1790 867 1864 exui
889 1811 1050 1876 necesse
1073 1800 1146 1884 est,
1179 1813 1312 1873 cum-

162 1915 241 1993 que
267 1893 423 1968 venatio
445 1895 617 1973 multum
639 1884 802 1979 feritatis
823 1891 987 1982 habeat;
1020 1915 1190 1985 eorum,
1233 1894 1309 1993 qui

160 1994 343 2094 gregibus
358 1996 563 2096 pascendis
583 1996 709 2074 libere
732 2021 807 2098 per
823 1995 936 2072 silvas
961 2017 1217 2095 camposque
1235 2021 1310 2076 ua-

160 2111 319 2198 gantut‚
351 2099 428 2174 vita
459 2113 499 2175 et
524 2101 699 2176 minimis
721 2099 832 2176 malis'
854 2098 1006 2174 laborat
1034 2111 1074 2174 et
1105 2100 1309 2174 maximis

161 2201 420 2304 plurimisque
452 2203 571 2279 bonis
602 2203 797 2280 cumulata
823 2195 895 2280 'est
946 2205 994 2278 In
1021 2201 1308 2293 tractando

161 2305 293 2406 itaque
322 2305 525 2406 pastoritio
555 2319 789 2406 argumento
818 2303 1224 2408 poetae'necessario
1252 2307 1308 2380 ita

161 2406 399 2484 versandum
430 2410 520 2505 erit,
551 2420 597 2486 ut
624 2411 769 2512 partim
800 2421 1005 2510 pastorum
1026 2431 1126 2489 ettae
1145 2411 1308 2512 gentis

163 2509 441 2588 conditionem
462 2511 592 2610 malis,
619 2514 923 2614 quibuscunque
945 2512 1160 2612 premitur,
1185 2514 1308 2611 cogi-

163 2616 309 2691 tatione
338 2615 497 2710 liberet‚
535 2616 643 2692 bona
674 2629 808 2694 autem
836 2616 970 2694 omnia
1000 2615 1145 2716 passim
1179 2615 1229 2690 in
1260 2641 1309 2690 ea

162 2719 277 2794 obvia
298 2731 338 2794 et
367 2720 515 2794 maiora
548 2716 710 2813 efficiat,
746 2719 847 2795 etin
869 2741 997 2794 unum
1025 2731 1222 2814 congesta
1251 2720 1305 2794 lta

162 2819 340 2919 fingendi
365 2821 725 2912 licentiaexornet‚
750 2835 796 2896 ut
824 2820 1176 2897 cumulatissimum
1202 2819 1305 2897 seli-

163 2925 276 3000 citate
300 2925 419 3000 vitam
434 2925 663 3016 adumbret;
688 2926 833 3026 partim
864 2924 914 3000 ad
940 2921 1090 3000 fabulas
1125 2922 1182 2998 de
1210 2927 1305 3025 pri-

39 3035 49 3052 ’
160 3048 323 3101 morum
343 3028 556 3104 hominum
579 3029 656 3106 vita
673 3043 713 3104 et
729 3041 854 3104 aetate
870 3052 1003 3120 aurea,
1030 3051 1105 3102 nec
1129 3050 1226 3102 non
1248 3027 1303 3104 ad

161 3129 404 3204 narrationes
433 3135 514 3208 sive
545 3132 597 3208 de
624 3133 824 3209 maiorum
854 3131 949 3225 vita,
975 3143 1194 3232 antequam
1220 3157 1305 3234 per

160 3231 268 3306 vicos
292 3245 331 3306 et
356 3234 477 3310 urbes
498 3234 742 3332 habitarunt,
769 3235 849 3310 sive
871 3233 923 3310 de
943 3233 1194 3334 populorum
1209 3239 1305 3310 No-

161 3332 327 3410 madum
358 3338 683 3442 pastoritiamque
713 3339 834 3413 vitam
866 3338 1065 3435 agentium
1103 3337 1304 3414 moribus

162 3451 202 3514 et
222 3439 405 3515 institutis
427 3439 627 3541 confugiat
642 3456 682 3520 et
700 3441 794 3518 hinc
816 3465 891 3551 suo
914 3451 1148 3540 argumento
1181 3440 1304 3517 colo-

160 3568 224 3619 res
240 3551 377 3644 petat’

262 3665 347 3740 Iam
368 3687 452 3739 non
473 3689 615 3764 magna
634 3665 768 3742 iudicii
791 3664 1004 3765 subtilitate
1026 3661 1213 3762 indigere
1239 3665 1301 3738 vi-

163 3764 279 3840 detur
301 3793 352 3842 ea
379 3771 606 3868 quaestio
632 3768 971 3868 diiudicanda,
999 3791 1090 3870 qua
1113 3779 1301 3841 natura

160 3865 305 3944 huius
333 3871 565 3946 carminis
592 3871 648 3947 ab
672 3871 980 3972 argumentis
1005 3871 1301 3971 piscatorii,

161 3974 429 4067 venatorii,
460 3975 711 4070 messorii,
736 3971 1113 4051 vindemiatorii
1149 3984 1200 4046 et
1227 3975 1300 4048 si-

161 4070 293 4146 milis
339 4076 536 4172 generis
584 4075 744 4154 aliena
802 4103 913 4154 esse
961 4075 1297 4155 existimatur.

163 4175 345 4252 Carmina
368 4179 485 4254 etiam
510 4179 625 4258 huius
649 4183 870 4279 argumenti
892 4180 999 4256 bene
1022 4177 1144 4255 condi
1169 4203 1296 4278 posse

163 4279 250 4378 quis
273 4287 416 4376 neget?
443 4285 546 4360 Sane
569 4297 686 4360 erunt
707 4278 770 4360 illa
794 4309 866 4361 seu
890 4285 930 4359 in
955 4281 1230 4382 descriptione
1255 4295 1296 4358 et

163 4383 407 4478 narratione,
447 4409 518 4462 seu
547 4387 588 4463 in
617 4388 772 4464 actione
800 4387 928 4488 aliqua
959 4411 1005 4464 ex
1040 4385 1146 4462 vitae
1182 4385 1295 4462 istius
