2652 5032
199 275 562 384 ceororcou
586 309 691 388 crs.
711 310 765 406 11,
794 315 1013 391 tao-495
1092 321 1166 393 aar

44 494 221 568 Subiecit
234 493 422 594 pedibus,
449 494 739 595 strepitumque
754 493 989 572 Acherontis
1005 501 1126 578 avari!
1195 527 1197 534 ·

41 601 281 672 Fortunatus
300 611 339 672 et
354 596 437 692 ille,
466 595 564 672 deos
584 599 652 697 qui
667 598 778 672 novit
796 602 971 698 agrestis,

41 703 228 799 Panaque
245 699 528 799 Silvanumque
542 723 681 776 senem
695 701 975 804 Nymphasque
990 713 1165 782 sorores!

39 801 160 878 Illum
175 827 259 877 non
271 803 412 904 populi
425 797 566 902 fasces,
593 827 676 906 non
691 829 867 906 purpura
882 828 1034 906 regum,
1083 812 1164 887 *495

108 955 164 1011 492
181 959 367 1028 strepitusque
389 961 454 1026 lieg.
476 969 503 1010 ct
523 975 587 1010 unus
606 959 692 1009 Mead.
726 960 892 1012 Acherontis
912 963 1011 1012 averni
1024 961 1077 1012 Eri.
1099 979 1162 1012 am.

39 1045 79 1094 pr.
116 1029 171 1094 (-
187 1025 248 1080 493.
261 1029 317 1080 *Pro
331 1029 469 1097 quinovit
484 1028 512 1080 in
526 1027 621 1082 Medic.
635 1036 721 1079 exstet
735 1029 871 1100 quidquis;
895 1031 942 1080 sed
955 1049 974 1081 n
994 1031 1162 1098 suprestis-

39 1106 82 1148 cts
98 1094 196 1147 literae
212 1095 239 1147 d·
274 1095 346 1147 Idem
362 1109 494 1168 agrestes.
522 1098 593 1166 Wr.)
661 1095 715 1151 494
733 1097 923 1168 Silvarumque
939 1117 1031 1151 serrem
1042 1100 1083 1150 ed.
1095 1101 1162 1154 Vsu.

39 1239 121 1298 1193
137 1256 202 1313 sqq.
211 1235 260 1310 111,
274 1234 317 1298 14
337 1237 427 1296 Nam
441 1239 534 1300 simul
543 1261 582 1298 ac
622 1235 690 1296 tull.
706 1235 891 1312 LXlli‚884.
936 1238 1038 1316 ltaque
1053 1238 1087 1313 is,
1109 1240 1161 1317 qui

37 1323 133 1378 Ratio
152 1323 491 1401 tua‘coepitrocfferun',
505 1325 579 1382 Na·
621 1322 736 1400 silves,
766 1323 877 1398 valles,
905 1324 1003 1382 sontes
1024 1333 1054 1382 et
1073 1334 1160 1384 antra

34 1419 136 1462 ruram
151 1427 249 1463 rerum
265 1406 353 1464 haud
364 1410 470 1466 divina
485 1422 580 1468 ments
621 1393 972 1488 frequentat,'preecla1·e
988 1408 1058 1468 deos
1074 1429 1160 1488 egre-

33 1503 178 1564 mortam,
200 1491 364 1570 Diffugiunt
377 1493 466 1552 animi
479 1504 580 1553 terro-
620 1501 680 1551 stes
702 1513 787 1552 nosse
810 1493 930 1552 dicitur.
961 1488 1024 1554 Cui.
1042 1499 1083 1558 76
1104 1495 1160 1554 Illi

33 1597 97 1650 res,
120 1581 241 1635 urceum
267 1577 374 1636 muudi
396 1581 575 1654 Discedunt,
620 1590 688 1636 sunt
713 1591 821 1658 gratae
848 1592 979 1637 rorantes
1007 1581 1084 1637 lacte
1104 1601 1157 1638 ca·
1193 1622 1197 1633 .

32 1675 129 1718 [ouem
151 1663 237 1720 vauro
252 1666 418 1739 perinane
439 1669 576 1743 gerim,
617 1664 720 1740 pellae
734 1665 891 1722 Etrremue
908 1665 1079 1742 sesecundo
1092 1667 1158 1724 Pa-

31 1755 176 1824 Apparet
189 1750 308 1805 Divum
318 1769 428 1806 nuucen
440 1750 578 1828 sedesque
620 1748 671 1807 les.

31 1832 156 1908 quietae
170 1863 214 1876 -
235 1837 279 1890 Ar
304 1845 406 1891 canna
430 1855 577 1913 nusquam
658 1832 777 1898 495-
791 1831 863 1897 499.
886 1831 968 1894 Vivit
983 1833 1081 1892 animo
1099 1833 1157 1892 im-

31 1929 184 1994 oppamu
197 1915 357 1977 Acherusia
371 1921 493 1996 templo.
506 1933 577 1979 stre-
617 1915 811 1998 perturbato‚
841 1928 947 1996 atque,
968 1929 1004 1978 ut
1025 1920 1062 1978 ab
1076 1920 1157 1978 omni

27 2005 134 2080 prtum
151 2001 330 2062 Acheruntis
343 2023 382 2062 ex
394 2005 513 2078 Lucret.
526 2005 575 2082 111,
618 2003 796 2083 cupiditate,
818 2004 861 2063 ita
880 2004 917 2062 ab
940 2005 1021 2064 omni
1034 2025 1107 2064 cura
1122 2025 1157 2064 ac

29 2092 72 2150 37
91 2089 134 2144 Et
156 2100 251 2146 metm
270 2089 321 2146 dle
329 2089 418 2162 sarrae
429 2111 575 2169 praeceps
617 2089 818 2148 sollicitudine
838 2109 952 2165 vacuo,
981 2091 1155 2150 etverevi-

27 2173 214 2230 Aaronom
240 2176 377 2252 agendus
410 2176 571 2252 Funditus,
616 2183 679 2234 tam
698 2175 815 2234 beatam
836 2195 873 2234 ex
892 2175 1013 2254 Epicuri
1027 2177 1154 2236 formula

27 2259 202 2316 hantunam
221 2262 274 2337 qui
303 2263 399 2318 uitam
419 2261 517 2320 turbat
535 2262 574 2320 ab
616 2280 701 2339 agere
714 2260 811 2320 videri
830 2269 938 2340 potest.
982 2263 1077 2321 Illum
1095 2281 1155 2320 non

27 2347 110 2416 imo,
140 2343 253 2402 Omnia
274 2345 450 2424 suffundens
471 2349 573 2406 monas
611 2345 836 2422 populisasces
859 2343 942 2425 (vid.
963 2347 1081 2406 Lucret.
1101 2345 1152 2421 ΙΙΙ,

26 2433 167 2506 nigrore,
198 2449 291 2508 ueqrae
311 2431 409 2489 ullam
429 2433 503 2490 Iibse
517 2453 572 2492 νο-
617 2428 721 2509 1009),
739 2434 1153 2508 uonpurpumregwnflerit,

26 2516 180 2590 luptatem
189 2536 302 2591 puram
313 2516 518 2596 liqusdomue
524 2537 572 2574 re-
613 2514 708 2573 flectit
715 2535 724 2590 ς
747 2523 778 2573 et
792 2516 834 2574 sic
847 2515 879 2574 in
892 2533 951 2591 seq.
966 2517 1078 2589 doluit,
1103 2517 1153 2572 in-

26 2600 152 2678 linqw't.
207 2599 368 2672 Quomodo
394 2601 478 2660 illurn
507 2621 572 2662 me
613 2600 707 2674 uidit,
737 2600 822 2658 vidit.
847 2600 891 2658 nil
911 2609 999 2658 curet
1022 2598 1152 2658 honores

27 2693 96 2742 tum
112 2683 244 2762 expellat
265 2685 326 2745 vid.
346 2686 412 2746 eod.
433 2687 511 2746 libro
524 2687 571 2762 ΙΙΙ,
614 2705 649 2743 ao
661 2685 866 2762 magistratus,
893 2684 924 2742 in
942 2701 1031 2761 quem
1051 2693 1153 2742 trans-

27 2769 219 2832 sta-907
241 2771 345 2848 adim.
360 2773 396 2832 cs.
410 2774 520 2831 Seneca
534 2769 572 2830 de
612 2772 766 2843 serantur,
794 2779 848 2828 aut
864 2769 1152 2848 quibusrcgueeive

26 2853 207 2928 senatvm
226 2861 253 2918 1.
296 2857 371 2915 Nam
390 2857 422 2915 in
442 2858 571 2917 rationi-
611 2855 779 2916 reddantur
791 2855 853 2914 sive
873 2855 1055 2934 eripiantur;
1077 2873 1152 2931 quae

25 2941 87 2998 bus
117 2941 377 3020 argumentisque,
416 2964 434 3002 a
461 2943 569 3022 quibus
611 2943 803 3001 fortunarum
831 2941 1038 3012 conversiones
1066 2939 1151 2999 annis

24 3025 82 3084 illa
111 3027 264 3104 persuasio
292 3028 431 3104 ducitur,
462 3029 569 3088 dtscri-
611 3025 785 3108 proximisa
799 3026 960 3106 profligatis
975 3025 1151 3088 Antonianis

23 3131 99 3168 men
132 3110 213 3169 inter
241 3133 344 3172 senam
378 3123 409 3171 et
435 3113 571 3174 insanam
611 3111 749 3193 partibus
773 3112 845 3171 satis
875 3113 1045 3190 frequentes
1066 3109 1149 3170 haud

24 3194 252 3276 philosophiam
278 3199 422 3258 cernitur.
471 3199 571 3272 Quam
612 3197 703 3257 dubie
715 3197 891 3258 inciderant.
913 3210 941 3257 et
953 3199 1061 3273 infidos
1077 3201 1149 3274 agi-

23 3291 140 3341 ornate
152 3279 226 3340 hacc
240 3283 321 3342 dicta
344 3285 404 3344 sint
418 3285 571 3364 intelliges,
614 3297 681 3342 tone
702 3283 851 3342 discordia
862 3283 977 3362 smirne
990 3285 1075 3342 illum
1087 3301 1149 3340 non

23 3369 192 3446 sireputes
211 3367 286 3428 nibil
309 3369 391 3428 aliud
412 3368 570 3444 haeresse,
611 3369 706 3444 flexit,
722 3361 894 3444 nil'movet5
916 3369 960 3428 nil
973 3377 1060 3428 curat
1071 3366 1149 3426 bella

23 3463 259 3531 quemzneture
272 3473 374 3514 rerum
387 3455 571 3536 ritecognita
612 3455 727 3514 civilia:
755 3464 793 3514 ut
818 3473 874 3514 nec
902 3455 978 3513 bella
1009 3461 1148 3528 externa,

22 3559 82 3598 nec
97 3537 196 3598 saturn
217 3558 274 3597 nec
292 3548 419 3599 mortam
442 3561 460 3598 a
485 3542 571 3600 teti-
610 3543 839 3600 Αιιιουηὶαναιο
850 3539 1026 3598 descendens
1039 3539 1148 3598 Dacrcs

23 3623 112 3682 meri.
611 3625 651 3684 ab
667 3627 754 3684 Istro.
801 3625 994 3702 Crederepar
1007 3632 1060 3697 est,
1073 3641 1146 3702 pos-

68 3705 224 3772 493.494.
233 3708 319 3768 Vitae
332 3710 569 3772 nuticaeamoe-
610 3719 674 3769 tam
688 3711 776 3770 etiam
788 3710 821 3768 in
833 3710 933 3789 priore
948 3708 1090 3782 membro,
1110 3708 1146 3766 de

22 3796 155 3854 uitatem
185 3813 202 3850 a
227 3795 390 3872 splendidis
409 3805 439 3855 ct
458 3797 569 3856 sanctis
609 3797 740 3856 fratrum
760 3794 922 3869 discordia,
958 3803 1068 3852 certem
1090 3793 1146 3851 ali-

22 3879 132 3939 reruni
144 3879 321 3956 imaginibus
337 3881 430 3962 petit,
453 3901 491 3941 ex
503 3883 568 3963 pri-
610 3902 701 3959 quam
709 3901 866 3960 personam
878 3900 913 3938 ac
922 3898 1031 3938 nomen
1044 3897 1082 3938 ex
1094 3879 1145 3938 iilo

23 3985 149 4024 morum
165 3963 337 4043 hominum,
360 3987 469 4026 aureae
485 3977 569 4028 aeta·
610 3977 745 4046 tempore
769 3983 935 4026 memorare
958 3963 1091 4024 debuisse
1111 3985 1145 4024 ec

23 4053 72 4126 tis,
94 4051 162 4110 vita
179 4053 301 4128 suman
323 4073 428 4132 nempe
441 4073 509 4112 cum
519 4053 568 4112 in·
609 4052 753 4127 voluisse,
782 4059 818 4109 ut
842 4051 873 4110 in
895 4050 989 4110 altero
1008 4053 1142 4110 Ducum.

24 4136 133 4195 nocuis
148 4145 179 4193 et
187 4139 271 4214 puris
280 4139 425 4218 castisque
437 4139 496 4198 illis
508 4135 568 4197 ho·
608 4136 751 4214 Respexit
789 4137 893 4214 utique
935 4135 1145 4198 inundatum

23 4221 157 4281 minibus
186 4221 230 4279 dii
260 4223 482 4299 versabantur,
518 4244 569 4282 eos
610 4221 745 4298 dissidia,
767 4241 842 4298 quae
863 4223 895 4282 in
911 4223 977 4281 ilios
992 4223 1144 4282 annosin-

23 4307 260 4386 frequentabant
271 4319 302 4368 ct
314 4311 344 4372 in
354 4311 452 4370 medio
464 4329 569 4368 eonun
610 4307 730 4384 sidunt,
770 4307 877 4384 quibus
905 4309 1046 4386 Georgica
1074 4328 1144 4388 per-

24 4393 311 4456 conaniciebsntm:
338 4397 409 4455 vide
434 4394 484 4456 vel
509 4394 567 4454 Ca·
609 4393 720 4472 scripta
741 4411 802 4452 esse
831 4405 862 4454 ct
885 4396 1023 4456 feruutur
1046 4403 1077 4454 et
1095 4392 1144 4454 vi-
