2710 4998
529 1111 623 1189 DE
859 1123 868 1138 '

90 1220 1079 1421 ciruirruujcouteo

47 1660 127 1768 Cur
145 1719 228 1774 non
248 1695 381 1781 modo
402 1697 445 1773 id
466 1702 588 1778 acturi
608 1701 749 1798 simus,
773 1713 819 1778 ut
839 1700 960 1777 verba
983 1725 1027 1778 ac
1049 1725 1140 1778 sen-

46 1799 150 1874 tentias
167 1815 318 1900 poetae
334 1801 584 1904 explicemus,
599 1828 841 1908 quamquam
858 1829 907 1880 eo
925 1805 1012 1906 ipso
1030 1807 1140 1880 satis-

45 1893 147 1978 fecisse
164 1907 330 1982 muneri
358 1929 432 1982 suo
464 1905 595 1984 bonus
624 1909 819 2010 interpres
840 1907 967 1984 videri
994 1922 1139 2009 potest,

45 2002 212 2082 sedetiam
245 2033 340 2086 eam
364 2032 499 2088 curam
535 2011 812 2109 adhibeamus,
845 2024 912 2108 ut,
945 2023 1140 2113 quantum

45 2103 172 2202 quiden
200 2111 244 2190 in
267 2113 350 2188 hoc
383 2115 680 2191 commentandi
705 2138 853 2214 genere
882 2113 970 2190 fieri
994 2128 1139 2214 potest,

44 2210 202 2287 ntionem
234 2229 275 2290 et
305 2215 486 2294 indolem
514 2221 703 2321 cuiusque
728 2219 948 2312 danninum
971 2220 1138 2318 generis,

45 2311 215 2392 artificium
229 2319 273 2394 in
290 2319 549 2421 invenienda,
575 2319 792 2419 tractanda,
815 2334 860 2398 ‚et
877 2320 1056 2396 ornanda
1080 2345 1138 2420 re,

44 2413 215 2520 dilectum,
250 2423 487 2522 elegantiam
522 2439 563 2505 ct
585 2425 855 2521 honestatem,
898 2425 1138 2521 convenien-
1242 2443 1244 2448 ’

45 2517 180 2624 tiarnque
194 2547 348 2620 rerum,
362 2529 648 2606 sententiarum
665 2542 704 2605 et
718 2528 918 2624 orationis,
934 2538 1138 2618 notemus;

43 2619 70 2692 in
88 2622 314 2725 Edogarum
327 2624 627 2729 Virgilianarum
642 2631 970 2732 interpretatione
986 2630 1048 2703 vix
1067 2629 1138 2708 de

44 2719 124 2823 fungi
137 2730 272 2813 officio
299 2747 437 2812 nostro
456 2735 802 2834 videbimur,.nisi
817 2733 876 2808 de
898 2731 1137 2808 bucolico

43 2835 218 2911 carmine
244 2838 433 2914 universe
454 2840 647 2921 nonnubn
661 2837 958 2932 monuerimus,
986 2831 1137 2936 dequo

44 2929 64 3002 st
80 2949 170 3012 recte
191 2941 428 3036 sentiamus,
456 2941 624 3019 dubium
647 2960 731 3016 non
756 2952 831 3036 est,
867 2938 963 3040 quin
983 2935 1024 3011 in
1046 2939 1138 3037 ipsis

44 3029 238 3140 hisEclogis
251 3044 380 3120 multa
400 3047 547 3124 rectius
573 3071 617 3122 ac
638 3041 788 3121 fa'cilius
810 3039 1076 3140 intelligantur
1098 3055 1137 3138 et

43 3141 234 3221 sentiantur.
290 3151 500 3247 Permagni
517 3140 625 3226 enim
641 3145 784 3244 refert,
809 3159 855 3224 ut
869 3145 917 3220 ab
932 3145 1043 3220 initio
1060 3157 1137 3220 sta-

43 3237 206 3324 tinreras
225 3275 367 3328 rerum
391 3255 576 3330 notiones
602 3265 642 3328 et
664 3249 833 3352 aliquam
856 3249 897 3328 in
920 3249 1052 3324 animo
1075 3249 1136 3322 in-

42 3335 218 3427 formatam
230 3355 405 3430 veritatis
421 3369 459 3430 et
472 3353 746 3456 pulcritudinis
761 3355 957 3430 rationem
978 3365 1019 3426 et
1039 3377 1135 3426 nor-

45 3467 138 3546 1111111,
157 3455 206 3532 ad
228 3459 513 3558 quamsingula
538 3461 690 3557 exigere
705 3459 849 3559 possis,
878 3453 1030 3536 afferas.
1064 3453 1137 3530 Vir

46 3563 146 3628 autem
162 3557 265 3636 aliud
282 3574 342 3637 est
359 3562 540 3637 carminis
553 3585 689 3662 genus,
707 3563 747 3636 in
763 3561 872 3638 cuius
886 3571 1024 3632 notura
1039 3579 1136 3629 con-

46 3651 204 3737 stituenda
224 3663 329 3740 adeo
343 3664 386 3738 in
416 3665 587 3742 diversas
611 3666 823 3740 sententias
853 3660 1040 3752 abierint,
1067 3657 1135 3758 qui

46 3747 87 3826 lis
97 3759 141 3834 de
160 3765 280 3842 rebus
301 3767 571 3859 tradiderunt3
597 3793 730 3870 neque
750 3767 830 3840 hoc
853 3761 1076 3881 miraberis,
1103 3761 1135 3836 si
1246 3796 1250 3804 ¹

49 3865 257 3968 memineris,
298 3869 431 3972 ipsum
451 3895 575 3969 genus
601 3869 714 3946 latius
735 3883 890 3972 patere,
931 3865 1134 3960 ingenium
1192 3963 1204 3981 ‘

48 3973 146 4041 auem
173 3975 363 4075 cuiusque
390 3988 429 4050 et
457 3973 646 4052 iudicium
674 3967 995 4050 circumscribere
1025 3965 1134 4066 illud,

49 4072 272 4178 lfflurarnt'rue
302 4089 343 4154 et
362 4076 761 4154 rationem'carmlnis
784 4099 832 4150 er
852 4095 970 4146 sensu
990 4095 1062 4148 suo
1084 4069 1134 4145 fi-

49 4183 108 4280 ssJrc
123 4197 161 4248 ac
175 4175 392 4277 designare.
442 4181 567 4260 Nobis
581 4195 716 4257 tamen
732 4202 823 4254 cum
838 4173 1036 4272 Virgssiani
1058 4197 1133 4276 po-

51 4271 208 4354 lusimum
224 4283 408 4360 carminis
421 4285 521 4360 ratio
531 4283 721 4360 babendo
749 4282 815 4376 sit,
843 4303 887 4354 ea
901 4291 1054 4354 tantum
1077 4290 1133 4351 at-

51 4367 169 4469 lingere
183 4381 331 4482 licebit,
360 4411 461 4488 quae
483 4387 533 4464 ad
557 4389 639 4464 eius
661 4383 841 4462 indolem
865 4394 905 4458 et
924 4380 1133 4458 artificium
1203 4451 1210 4466 ,

53 4465 296 4564 declarandum
310 4487 481 4589 aliquam
501 4491 582 4568 vim
595 4489 744 4566 habere
764 4483 981 4564 videantur.

862 4633 884 4702 1
903 4632 925 4684 s
