2654 5000
224 389 274 466 ts
402 380 1150 468 sronnrrrnouuooruuns
1238 335 1254 348 ”

17 561 18 586 ¹
158 597 162 612 ·
223 571 328 646 misit
340 568 420 648 Ecl.
432 571 533 648 VIII.
559 571 592 647 A
615 566 795 644 Pollione
814 575 975 648 adan.
998 580 1039 644 et
1060 577 1146 649 712.
1160 570 1304 678 primurn

224 673 406 752 excitatus
421 685 503 748 erat
518 666 568 746 ad
583 669 999 762 bucolica-scribenda3
1026 671 1156 762 eidem
1167 671 1238 752 Ed
1257 678 1304 754 lVr

223 800 327 854 anno
358 776 562 876 superiore
600 773 818 868 dicaverat;
869 797 976 850 nunc
1007 773 1058 850 ad
1091 775 1304 877 triumphum

222 877 583 982 splendifflssimum
617 876 818 953 accedenti
845 875 1087 954 mittendum
1117 892 1195 956 erat
1215 877 1304 980 quid·

223 1007 343 1084 quam
361 981 559 1077 carminis,
585 1003 638 1056 ne
652 979 769 1080 plane
795 975 964 1056 officiosi
985 993 1025 1056 et
1048 982 1144 1079 grati
1164 981 1305 1070 hominit

221 1086 379 1162 muneri
405 1083 577 1178 deesset,
611 1083 780 1158 maxime
806 1107 932 1183 quum
957 1080 1089 1160 Alfeni
1115 1085 1202 1164 Vari
1220 1079 1305 1168 causi

222 1187 523 1290 quodammodo
539 1183 725 1283 Eclogam
739 1189 802 1264 lX.
819 1197 859 1260 et
872 1189 935 1264 Vl
948 1183 1125 1286 fecisset,
1151 1189 1227 1264 eius
1240 1187 1305 1288 qui·

222 1291 316 1368 dem
337 1291 449 1386 Vari,
490 1315 612 1391 quern
635 1287 725 1364 fuso
759 1285 975 1389 fugatoque
1003 1313 1024 1365 e
1046 1291 1236 1392 provincia
1255 1313 1306 1372 sua

219 1393 400 1472 Pollione
425 1393 659 1469 Octavianus
692 1389 936 1492 praefecerat
965 1389 1058 1468 huic
1084 1392 1220 1470 Galliae
1244 1395 1302 1472 Cis

220 1497 382 1598 alpinae.
438 1495 541 1574 Male
564 1496 680 1594 igitur
699 1495 762 1570 alii
782 1493 833 1569 ad
860 1495 1119 1572 Octavianum
1148 1495 1301 1590 raserunt,

221 1614 356 1678 contra
378 1623 544 1673 ornnem
569 1597 695 1673 fidem
717 1611 757 1674 et
778 1595 999 1692 historiam3
1036 1612 1077 1674 et
1098 1600 1224 1702 inepte
1250 1599 1301 1696 (uti

220 1705 338 1780 etiam
366 1725 419 1780 vs.
446 1711 480 1780 9.
500 1701 665 1801 patebit)
699 1699 762 1776 alii
788 1698 958 1776 Pollioni
982 1701 1149 1802 quidem
1178 1703 1301 1778 missam

218 1804 320 1882 hauc
334 1803 416 1882 net
427 1817 601 1901 sumunt,
616 1803 687 1880 sed
712 1804 872 1882 abeunti
886 1801 1076 1904 Pollioni,
1094 1831 1212 1907 quum
1224 1805 1300 1881 illan

220 1907 514 2009 expeditionem
536 1908 760 2007 susciperet
812 1909 869 1982 Ita
886 1907 1152 2009 geographica
1175 1907 1300 1984 malcse

217 2008 560 2102 haberent3male
578 2012 700 2086 etiam
718 2023 757 2086 et
778 2011 924 2109 inepte,
952 2011 1065 2111 quod
1085 2013 1161 2088 iam
1179 2016 1299 2091 Ruaeos

217 2115 355 2210 sensit,
381 2112 563 2210 Virgilius
583 2113 633 2190 de
653 2112 802 2190 bellicis
822 2110 1005 2190 laudibus
1032 2129 1073 2191 et
1093 2115 1209 2214 gloria
1227 2113 1300 2190 mili-

215 2218 289 2292 tari
309 2216 496 2318 loquutus
512 2230 631 2308 esset;
660 2215 880 2317 quidenim
896 2219 1192 2316 praecessisset?
1220 2216 1299 2314 suga·

215 2334 303 2398 turn
314 2345 399 2396 esse
418 2319 465 2394 ab
481 2321 681 2396 Octaviani
701 2320 866 2396 ducibus
878 2331 917 2394 et
930 2320 1101 2398 eiectum
1115 2321 1299 2406 Pollionem

217 2449 240 2502 e
264 2423 481 2525 provincia:
515 2422 661 2498 scilicet
685 2445 826 2521 magna
849 2421 992 2521 virtus,
1020 2439 1061 2500 et
1087 2427 1229 2525 egregia
1248 2448 1299 2522 op

214 2528 434 2629 portunitas
451 2525 656 2604 laudandi!
683 2529 771 2602 Imo
798 2537 890 2627 post
909 2526 1094 2605 subactos
1116 2529 1297 2618 Parthinos,

214 2629 608 2730 gentemrebellem,
630 2654 750 2730 quae,
769 2627 902 2730 prouti
922 2625 1157 2730 Dalmatica,
1175 2651 1299 2730 semper

214 2733 354 2812 infesta
372 2737 556 2810 Romano
572 2733 725 2808 nomini
748 2731 965 2810 diutissime
987 2735 1125 2834 iugum
1144 2735 1298 2814 detrecta-

213 2839 277 2916 vit
312 2836 437 2916 Strab.
457 2841 540 2916 Vll.
554 2861 591 2936 p.
612 2842 697 2916 484.
714 2835 850 2916 Vellei.
864 2836 913 2929 ΙΙ,
940 2845 999 2916 90.
1013 2841 1065 2916 Et
1087 2835 1298 2942 sempiternis

212 2939 325 3016 bellis
356 2937 540 3016 ferocitas
571 2939 839 3016 Dalmatarum
861 2939 1074 3022 notissima
1133 2947 1221 3022 Post
1245 2939 1297 3014 hos

211 3042 423 3138 Dalmatas,
456 3043 631 3145 inquam,
667 3042 849 3120 subactos
876 3059 969 3141 erat,
1013 3047 1126 3150 quod
1146 3041 1296 3124 Pollionis

212 3144 398 3220 virtutem
415 3145 598 3223 bellicam
613 3145 794 3246 Virgilius
809 3145 996 3226 laudaret

641 3317 763 3417 (Ecl.
798 3323 905 3420 Vll.)
937 3409 941 3418 ¹
991 3395 993 3400 .

312 3456 383 3529 Αο.
400 3457 486 3532 716.
502 3452 664 3530 ineunte
678 3456 865 3555 Eclogam
879 3461 961 3538 vlt
976 3459 1129 3558 scripsit
1141 3453 1294 3554 Virgilius.

209 3557 294 3632 Iam
317 3553 365 3630 ab
388 3577 446 3635 ao.
471 3561 557 3636 714.
578 3560 732 3660 saepius
754 3564 907 3638 Rornae
931 3561 1036 3662 apud
1061 3567 1294 3639 Maecenatem

210 3656 285 3734 fuit
301 3658 503 3757 Virgilius,
532 3660 584 3736 ita
601 3675 646 3738 ut
659 3663 785 3740 modo
809 3665 909 3762 ruri,
935 3663 1061 3741 modo
1084 3667 1125 3742 in
1148 3664 1237 3741 urbe
1255 3657 1294 3733 ai-

209 3762 307 3838 xisse
325 3763 513 3841 videatur.
566 3765 648 3843 Sed
664 3767 742 3842 iam
758 3765 956 3844 familiaris
975 3767 1215 3854 consuetudo
1227 3783 1293 3838 cum

208 3867 436 3944 Maecenate
450 3866 601 3946 arctior.
653 3872 825 3948 Accessit
839 3871 954 3948 Plotii
970 3885 1010 3948 et
1025 3873 1130 3952 Varii
1147 3883 1185 3947 et
1198 3873 1293 3946 Hon-

208 3965 252 4040 tii
267 3970 441 4050 amicitia
490 3973 626 4048 Verno
643 3984 826 4074 tempore
842 3976 883 4052 in
899 3975 1051 4072 itinere,
1078 3973 1292 4076 quodllmn·

210 4067 366 4148 dusium
381 4073 756 4155 instituitMaecenas
766 4103 858 4154 cum
878 4079 993 4156 sociis
1007 4079 1168 4159 Horatio
1184 4069 1291 4160 etalit

207 4171 400 4270 Virgilius,
428 4177 633 4281 Sinuessae
652 4175 808 4256 obviam
821 4179 963 4276 faetus,
991 4184 1176 4258 comitem
1193 4201 1228 4254 se
1242 4169 1291 4248 ad-

208 4275 340 4373 iunxit,
358 4277 442 4353 sine
456 4279 578 4356 dubio
588 4283 753 4382 Neapoli
768 4307 859 4362 cum
875 4286 1004 4362 Plotio
1018 4286 1177 4363 etVario
1191 4297 1291 4378 egre'r

207 4403 281 4458 sus.
331 4379 393 4458 Ab
405 4378 520 4458 huius
541 4385 650 4461 enim
665 4387 755 4462 anni
782 4411 875 4464 vere
891 4389 1099 4490 Neapolim
1123 4415 1164 4466 se
1181 4393 1290 4462 contu-
