2710 4998
246 407 326 489 ΗΕ
357 406 633 488 CARMINE
664 415 984 494 BUGOLICO
1148 425 1172 494 7

56 595 183 679 rnnlt's
210 597 299 670 satis
329 595 539 695 diligenter
566 611 658 674 sunt
682 614 890 702 praecepta
913 615 953 678 et
975 591 1024 677 ad
1046 603 1172 704 prima

52 699 166 776 tumr
194 701 351 796 generis
379 694 586 803 'elementa
621 705 822 803 pertinere
859 707 1031 804 putanda
1072 720 1171 784 sunt.

51 806 184 903 tuque

175 931 216 990 n
237 948 342 990 aaran
363 931 451 1008 aaa
472 942 504 991 a
525 931 623 992 naar
645 904 839 1008 ranae'ata,

173 1015 265 1076 llives
285 1037 377 1096 opum
397 1018 567 1094 variarum,
583 1027 621 1091 ¹et
641 1018 709 1076 latis
731 1019 792 1076 otia
813 1019 923 1094 sunda,

187 1106 195 1122 '
235 1103 342 1162 luncae
361 1103 484 1182 rivique
504 1105 603 1179 lactu,
625 1113 655 1162 et
674 1103 783 1182 frigida
803 1105 922 1184 Tempe,

203 1189 364 1266 ugitmque
385 1189 478 1249 boum
499 1190 661 1266 mollesque
674 1189 737 1253 ,sub
761 1189 868 1248 arbore
889 1195 984 1251 somni

170 1273 241 1339 Non
262 1270 419 1356 absunt'),

48 1375 296 1478 omninoque
315 1387 447 1450 toturn
470 1373 653 1457 carminis
679 1375 1170 1477 pastoritiiargumentum

48 1479 92 1554 ad
106 1480 218 1556 divas
243 1501 441 1578 agrosque
462 1489 660 1575 spectare,
686 1481 787 1556 ruris
810 1495 849 1556 et
870 1483 971 1558 veris
992 1484 1170 1558 amoeni-

52 1597 121 1660 tate
141 1579 432 1675 commendari,
449 1591 489 1654 et
503 1577 614 1658 locus
630 1577 721 1656 facti
737 1583 817 1660 sive
833 1583 1017 1663 dramatis
1031 1587 1083 1662 ita
1100 1586 1170 1662 de-

49 1685 174 1762 clarari
199 1685 341 1780 debet,
367 1697 430 1780 ut,
458 1681 557 1758 dum
580 1683 766 1782 legimus,
792 1688 911 1766 rebus
929 1691 1022 1790 ipsis
1046 1689 1169 1764 inter-

48 1813 123 1865 esse
136 1787 366 1866 videamur:
395 1785 507 1888 quod
528 1787 753 1865 animorum
769 1789 1092 1874 deludendomm
1108 1818 1168 1868 ar-

46 1891 208 1970 tificium
230 1891 499 1992 descriptione
519 1889 701 1996 locorum
720 1903 763 1968 a'c
785 1896 978 1996 temporis
1000 1921 1084 1979 non
1099 1921 1169 1996 pa-

46 2023 127 2072 mm
140 1999 319 2086 iuratum
347 1995 410 2075 cui
430 2009 586 2070 veteres
609 2008 691 2070 tam
707 2023 849 2098 parum
863 1996 1072 2076 indulsisse
1091 2000 1167 2074 mi

45 2103 112 2175 rari
141 2098 257 2176 l‘orte
277 2099 423 2200 possis;
458 2123 700 2200 quamquam
715 2099 959 2189 'Theocritus
987 2102 1061 2180 hac
1084 2116 1166 2178 arte
1261 2117 1266 2134 ·

45 2204 205 2302 l'irgilio
222 2203 395 2278 multum
418 2213 606 2300 praestat:
633 2216 725 2278 sunt
739 2205 847 2280 enim
870 2207 975 2282 inter
994 2208 1078 2283 eius
1096 2206 1185 2296 de-‚

45 2306 276 2408 scriptiones
304 2303 520 2382 nonnullae
549 2305 650 2380 veris
672 2331 715 2381 ac
734 2307 834 2384 ruris
855 2311 1105 2386 suavissimae
1127 2321 1166 2388 et

46 2409 384 2510 dulcissimae,**);
410 2405 677 2510 frequentius,
713 2423 753 2486 et
767 2411 808 2486 in
831 2413 965 2488 multis
987 2409 1165 2504 feliciter,

48 2537 89 2588 eo
112 2518 319 2590 Gesnerus
351 2537 447 2588 usus
478 2523 558 2610 est,
591 2512 841 2590 suavissimus
866 2529 1008 2616 poeta,
1043 2539 1165 2616 quem

45 2619 202 2723 antiqua
222 2616 284 2694 illa
314 2616 476 2693 Graecia
497 2629 564 2692 aut
584 2623 701 2692 suum
718 2641 803 2692 esse
826 2615 1063 2720 popularem
1081 2642 1166 2692 crc-

47 2719 222 2816 didisset,
263 2712 329 2796 au't
355 2719 474 2794 nobis
505 2718 716 2796 invidisset.
783 2723 842 2795 Ex
874 2721 1021 2797 eodem
1053 2717 1165 2794 sonte

47 2822 241 2900 derivatur
254 2823 316 2899 illa
337 2823 456 2921 ratio,
485 2848 561 2924 qua
578 2823 839 2943 praecipitur³
862 2837 908 2898 ut
928 2848 1013 2905 non
1028 2821 1166 2920 modo,

49 2925 234 3030 quicquid
259 2927 342 3004 veri
363 2921 533 3018 fructus,
574 2926 644 3001 otii
667 2939 707 3000 ct
733 2920 943 3022 felicitatis,
967 2926 1076 3002 uitae
1098 2951 1165 3000 ru-

47 3032 154 3108 sticae
189 3032 269 3106 sive
303 3028 487 3132 pastorali
519 3027 628 3124 insit,
676 3025 728 3104 ad
755 3021 946 3130 pastoritli
984 3029 1165 3106 carminis
1280 3067 1290 3085 ·

49 3136 271 3209 masitatem
300 3145 534 3228 arcessatur,
575 3155 716 3208 verum
747 3136 866 3210 etiam
886 3149 948 3230 ut,
975 3135 1065 3238 quic
1138 3131 1163 3208 d

48 3235 89 3310 ad
111 3235 452 3337 amplificandam,
486 3227 777 3336 exornandam,
811 3263 855 3313 ac
885 3161 1164 3314 cumulanddm

50 3339 151 3416 istam
183 3366 315 3416 veram
344 3337 630 3416 iucunditatem
655 3339 776 3416 animi
798 3343 854 3416 vis
879 3344 1097 3440 excogitare
1120 3364 1163 3414 ac

50 3439 193 3541 lingere
221 3445 365 3546 possit,
395 3441 446 3518 ad
473 3443 670 3532 maiorem
694 3445 922 3522 suavitatem
951 3442 1165 3522 liberaliter

51 3559 285 3644 congeratur.
340 3545 540 3647 Quicquid
573 3547 682 3620 enim
705 3549 882 3624 animum
905 3546 1102 3623 delectare
1126 3557 1165 3620 ct

51 3645 235 3731 illecebris
265 3647 504 3752 quibusdam
537 3647 703 3726 delinire
726 3665 876 3752 potest,
911 3649 1017 3724 inid
1044 3659 1164 3750 poeta

54 3749 101 3824 ius
120 3751 252 3829 habet
304 3751 387 3828 Sed
407 3777 490 3827 non
506 3751 548 3826 in
571 3751 682 3831 omni
706 3777 854 3852 genere
871 3753 1005 3827 omnia
1021 3751 1071 3826 ad
1093 3749 1163 3825 de-

55 3849 268 3932 lectandum
290 3855 372 3931 vim
395 3855 547 3931 habere
569 3869 753 3955 possunt;
788 3869 828 3932 et
854 3879 1066 3958 perperam
1087 3867 1163 3928 sta-

57 3957 181 4056 tuitur,
208 3957 319 4060 quod
339 3959 457 4038 multi
479 3955 643 4034 credere
664 3959 868 4056 videntur,
894 3957 984 4034 satis
1008 3979 1092 4034 esse
1113 3955 1163 4032 ad

58 4079 203 4136 tarmen
233 4063 440 4156 aulicum,
471 4060 684 4138 moderes
710 4065 832 4139 evita
855 4062 1014 4157 rustica,
1042 4085 1163 4164 quae-

58 4183 201 4265 cunque
234 4165 325 4242 istae
360 4165 457 4260 sint,
493 4164 626 4240 verbis
657 4191 700 4242 ac
728 4167 905 4242 versibus
933 4163 1162 4242 reddantur.

62 4263 147 4340 Sunt
172 4265 317 4345 multae
348 4281 479 4372 partes
502 4281 542 4345 ct
568 4293 677 4344 casus
706 4271 807 4346 vitae
829 4271 1013 4364 rusticae,
1046 4265 1162 4342 nimis

90 4469 168 4532 ace
187 4471 354 4546 omna,
661 4419 972 4548 “faramunt-
