2710 4998
21 453 24 484 l

266 359 393 434 vnn
418 327 467 434 Ρ]
488 357 702 434 vunnu
726 358 962 436 mantus
1117 381 1187 432 ει..
1214 457 1217 476 Ι

20 573 21 598 t
76 547 171 606 lerant.
213 548 407 624 snutraim,
430 549 483 626 qui
502 569 520 606 n
540 547 780 608 Lacedaemoniis
800 549 969 629 pastoribus
990 549 1101 610 Dianae
1119 550 1185 629 pri-

74 653 143 692 num
166 651 287 694 oermen
309 633 370 694 boc
397 634 554 694 redditum
580 633 698 710 dicant,
729 655 798 695 cum
819 635 913 694 eidem
938 636 1028 712 deae,
1059 645 1185 716 proptor

73 717 182 794 bellum,
206 720 290 798 quod
309 721 370 780 toti
390 721 534 780 Graeciae
549 721 600 780 illo
621 729 757 800 tempore
776 721 881 782 Pareae
896 721 1079 799 inserebant,
1100 720 1185 780 exhi·
1263 763 1266 770 ·

71 803 122 862 bui
133 825 186 883 per
199 807 332 886 uirginea
345 807 384 866 de
396 827 481 868 more
496 825 581 868 racra
594 827 655 866 non
668 817 800 886 possent.
842 807 901 866 Alii
915 807 952 866 ab
971 809 1087 884 Oroete,
1105 807 1227 868 dream

68 891 182 950 &uuam
202 913 299 972 vago,
320 893 355 952 id
372 913 466 972 genua
483 893 623 952 meminis
643 893 755 952 Dianae
775 891 929 952 redditum
950 894 1118 973 loquuntur
1129 913 1184 973 per

66 975 151 1053 ipmm
164 988 259 1056 atque
270 988 419 1058 pastores:
441 999 502 1058 quo
515 989 650 1058 tempore
664 979 702 1037 de
713 979 835 1058 Scythia
853 999 921 1038 cum
934 979 1044 1059 Pylade
1059 981 1183 1059 fugerat,

65 1071 193 1140 sumpto
219 1065 353 1124 numinis
376 1065 552 1142 simulacro,
582 1074 614 1122 et
639 1066 734 1124 celato
756 1067 788 1124 in
809 1066 888 1124 saoce
910 1065 1071 1144 lignorum;
1101 1065 1184 1124 unde

63 1147 235 1208 Faecelidern
248 1151 374 1210 Dmuam
387 1149 548 1230 perhibent
567 1162 785 1231 nuncupatam:
815 1151 897 1231 apud
914 1153 998 1210 cuius
1018 1172 1084 1210 arar
1105 1153 1183 1209 Ore-

63 1241 111 1290 rtrr
122 1253 176 1312 per
194 1237 386 1296 sacerdotem
405 1237 538 1297 eiusdem
558 1237 689 1296 nuruinia
709 1237 889 1317 Iphigeniam
910 1257 1043 1296 sororem
1061 1257 1144 1296 ruam
1166 1257 1184 1294 a

60 1321 213 1398 parricidio
233 1323 337 1382 suerat
354 1323 502 1404 expiatur.
546 1322 606 1382 Alii
625 1322 756 1404 Apollini
772 1324 896 1400 Nomio,
917 1322 1060 1404 pastorali
1071 1321 1225 1386 ecdicet86

60 1501 236 1556 morum,
248 1489 368 1560 reperire
383 1491 409 1542 in
423 1491 506 1574 princ.
519 1493 599 1544 Com-
643 1501 750 1562 portato
769 1501 935 1561 repeterent:
960 1491 1066 1544 fabulae
1077 1489 1184 1544 licentia

60 1561 241 1624 miseren,
259 1562 386 1630 equibus
407 1562 531 1613 videntur
547 1561 599 1614 bno
642 1561 738 1614 deinde
758 1579 861 1614 errores
874 1561 976 1644 aliquos
995 1563 1094 1614 Oroatia
1114 1561 1182 1614 circa

60 1629 115 1678 nnle
126 1641 255 1682 avocata
270 1648 336 1682 eure.
355 1635 421 1682 Sunt
435 1643 521 1682 autem
537 1630 599 1701 ple-
640 1631 753 1684 Siciliam
767 1631 925 1682 comminisci
940 1642 1099 1700 coeperunt,
1114 1631 1183 1682 unde

59 1713 126 1766 nque
140 1715 156 1748 e
168 1702 279 1752 Graeco
292 1701 469 1752 Grammatico
487 1718 599 1752 conver·
640 1699 715 1752 fluxit
734 1700 851 1752 narratio
876 1701 909 1752 de
930 1701 1043 1754 bucolici
1061 1700 1182 1752 carminis

59 1767 135 1834 requi
149 1771 186 1820 ab
194 1769 294 1822 Aldina
308 1771 371 1822 inde
385 1771 495 1840 praefigi
503 1771 599 1822 Theo·
641 1770 752 1839 origine,
770 1788 837 1839 quac
849 1770 876 1822 h.
891 1770 909 1821 l.
920 1769 1025 1838 legitur.
1059 1771 1099 1821 De
1112 1771 1181 1822 Dio-

59 1837 114 1888 rn'to
126 1839 216 1890 uolet:
234 1837 300 1907 περὶ
316 1839 386 1924 rori,
404 1840 462 1894 nori
476 1837 600 1901 wlureio
641 1859 680 1892 no
701 1840 871 1892 Phacelitide
888 1859 910 1892 e.
934 1841 1104 1904 Facelitide,
1127 1857 1180 1892 nou

59 1899 151 1976 1ὖοίοη
165 1905 206 1962 τὰ
221 1911 391 1961 Βοιαολικα.
641 1926 702 1960 vero
721 1909 876 1972 Foecelide,
902 1927 926 1960 v.
945 1909 1013 1980 inpr.
1033 1910 1135 1960 Cluver.
1153 1908 1180 1960 in

85 1979 338 2030 uhoednemom'r'a
348 1975 517 2050 pastoribus.
534 1972 599 2028 Bel·
640 1977 711 2030 sicil.
736 1987 790 2029 ant.
809 1985 836 2046 p:
855 1977 977 2048 bolaqq.
995 1979 1129 2030 Monoler.
1145 1977 1179 2029 ad
1268 1987 1278 2000 '

57 2043 201 2099 lul’ereico
224 2065 284 2098 cnm
303 2047 402 2098 lectum
423 2046 523 2097 Dianae
546 2046 598 2096 Ga·
640 2047 737 2116 Hygin.
763 2047 817 2098 fab.
843 2047 953 2100 CCLXI.
977 2048 1101 2100 Antonin.
1120 2047 1178 2099 Lib.

57 2115 156 2181 mtid're
172 2117 304 2184 iuraret,
322 2117 394 2168 cuiue
409 2117 496 2168 ionum
509 2115 597 2167 inla-
639 2119 683 2172 2⁴7.
701 2117 775 2168 Adde
782 2117 895 2168 Probum
911 2135 940 2168 eu
959 2127 1179 2182 rememoratum,

55 2187 136 2238 oecion
156 2195 235 2251 erat,
258 2187 287 2238 iu
310 2203 363 2255 qno
384 2185 498 2254 virginee
512 2185 599 2237 Lace-
640 2189 780 2238 Grammat.
794 2137 1179 2242 Theocriclt.schot.florae

56 2253 247 2308 &urniorum
274 2255 477 2308 anniversarium
501 2255 598 2306 fertum
639 2257 734 2324 Gruqu.
752 2257 860 2308 lCarm.
873 2259 900 2321 7,
920 2262 960 2312 10.
978 2261 1062 2327 lutpp.
1078 2257 1112 2308 ad
1127 2257 1179 2310 Vi-

55 2325 160 2390 ngebut
184 2335 214 2376 et
236 2343 270 2376 ex
293 2342 369 2376 more
392 2325 479 2393 patrio
499 2325 596 2376 choroe
641 2327 709 2378 bium
729 2345 756 2396 p·
775 2328 834 2380 170.
864 2327 995 2380 Traducta
1016 2344 1119 2396 qnoque
1141 2338 1180 2378 eet

56 2393 237 2460 instituebant,
263 2395 318 2446 rid.
346 2395 455 2446 Panean.
475 2395 526 2456 lll,
554 2397 596 2459 10,
638 2395 726 2448 fabula
751 2393 778 2444 in
799 2395 917 2458 Italiam
945 2415 1003 2448 nam
1030 2406 1057 2447 et
1075 2395 1179 2448 Ariciae

57 2463 119 2515 tuto
141 2466 236 2534 itnqne
257 2465 380 2528 Persico,
405 2463 475 2533 qnod
492 2465 596 2514 Xener
636 2465 688 2516 fuit
700 2463 799 2515 Dianae
812 2465 940 2516 Tauricae
958 2461 1072 2536 βρέταςτ
1096 2465 1179 2516 Solio.

54 2535 172 2586 Graeciae
180 2533 282 2598 intulit,
294 2545 469 2603 cumpropter
479 2531 596 2584 hostiam
638 2554 695 2604 cup.
703 2537 730 2598 2,
743 2553 769 2602 p.
784 2534 852 2588 130.
863 2535 924 2585 add.
938 2535 1105 2586 Werusdorl'.
1115 2535 1178 2586 dira.

53 2617 142 2656 netum
161 2604 272 2674 puellae
290 2603 488 2656 lacedaemone
504 2602 596 2670 egredi
637 2605 671 2656 de
694 2603 825 2673 pignorib.
846 2603 950 2673 imperii
962 2605 1037 2655 Rom.
1058 2605 1134 2668 1786,
1152 2623 1178 2672 p.

54 2691 99 2726 eon
110 2675 251 2738 auderent,
268 2685 389 2742 paetorer
403 2671 526 2724 Laconici
538 2671 595 2738 agri
638 2675 672 2728 13
686 2692 725 2741 eq.
741 2683 768 2723 et
781 2671 878 2740 Rhegii
896 2671 951 2724 einr
965 2672 1058 2740 religio
1073 2672 1177 2724 habita:

54 2761 117 2796 taen
130 2744 228 2796 tecinee
250 2755 278 2794 et
292 2743 403 2794 Dianam
424 2741 477 2792 uuir
497 2741 593 2793 carmi·
636 2761 661 2796 r.
675 2741 802 2794 Morieani
817 2741 949 2812 inscriptt.
969 2741 1081 2810 Rhegin.
1094 2759 1121 2809 p.
1135 2745 1178 2794 91.

52 2813 120 2864 mbae
140 2813 294 2866 eelebmee
312 2821 503 2874 memorantnr;
527 2827 594 2879 quae
636 2815 680 2868 92
715 2811 817 2864 Probae
833 2811 890 2864 Le.
911 2811 1002 2862 laudat
1017 2813 1177 2862 vereurLu-

51 2883 158 2934 carmina
186 2899 246 2934 curn
271 2883 386 2952 probata
405 2881 532 2943 luieeent,
558 2879 593 2932 ab
636 2880 792 2934 ciliir-et
808 2899 905 2952 saepe,
923 2881 1075 2950 quadrante
1090 2884 1177 2952 Optu-

52 2965 215 3022 eutenrpore
231 2969 333 3004 morem
347 2951 441 3002 borum
454 2949 594 3002 onnuiunm
623 2954 687 3014 ἐπ’,
715 2947 796 3021 freto
821 2953 970 3004 Mes-ranae
994 2961 1022 3000 et
1047 2950 1178 3022 Rhegion

54 3039 103 3072 rue
122 3031 264 3074 renatum.
299 3023 388 3082 llaec,
419 3019 469 3070 etei
487 3018 529 3070 vir
550 3019 594 3070 vi-
634 3017 740 3073 videbia
752 3021 876 3086 Moenia,
895 3033 952 3072 tum
965 3021 1101 3092 Liparae,
1118 3020 1177 3072 Fa-

52 3089 108 3142 dene
127 3091 263 3160 quomodo
280 3089 343 3142 inde
365 3087 478 3172 bucolici
496 3089 594 3140 carmi-
635 3091 741 3142 celinoe
754 3088 915 3170 (etltemplu
930 3091 1052 3150 Dianae,
1070 3088 1126 3141 acil.
1142 3089 1176 3140 ad

52 3157 593 3300 meffittf't'tmttttla
634 3159 707 3282 lli?
709 3157 864 3292 1111ῗῖ..
879 3159 1176 3298 iiiiiiiliibif

51 3299 133 3350 noete
154 3299 311 3352 Theocriti:
336 3297 461 3351 Seruiana
500 3317 521 3348 r.
537 3299 592 3349 uu·
633 3315 663 3350 ra
676 3299 831 3366 scriptorum
842 3298 901 3354 loca
913 3299 1067 3352 collustrare
1079 3297 1177 3367 porris.

54 3369 152 3420 colitur.
165 3369 260 3422 isidor.
276 3369 367 3438 origg.
382 3369 402 3432 1,
421 3316 499 3422 asti
523 3367 592 3418 Dio-
633 3368 723 3432 Quid?
746 3369 977 3438 quodadsyrinrn
991 3367 1176 3418 eademiabu-

53 3437 134 3490 medea
144 3437 195 3490 lib.
208 3439 260 3500 111,
285 3437 379 3506 9483
402 3437 506 3488 Putrcb.
523 3437 591 3490 Pro·
632 3435 722 3488 latuit
739 3437 852 3490 deducta
872 3439 904 3489 ab
922 3437 1092 3490 antiochenis
1105 3435 1173 3487 acri-

54 3507 95 3560 l·
118 3507 152 3559 de
178 3507 295 3560 bucolici
326 3505 447 3560 canniuir
472 3505 590 3570 ratione,
632 3507 761 3576 ptoribna,
774 3508 818 3576 qui
832 3505 936 3560 omnino
945 3507 996 3560 ribi
1009 3507 1037 3557 in
1046 3506 1097 3556 hoc
1111 3503 1173 3572 pla-

53 3577 173 3642 praetre·
201 3579 264 3630 edd.
288 3576 436 3640 nonnullir,
462 3585 493 3626 ut
512 3575 590 3628 baril.
631 3593 724 3642 cuere,
749 3585 779 3627 nt
796 3588 898 3630 veterae
921 3575 1023 3628 fabulas
1044 3575 1078 3625 ad
1101 3591 1172 3624 suum

53 3645 226 3716 liauimpetr.
241 3649 321 3710 1575,
335 3647 363 3698 iu
377 3663 430 3714 quo
450 3645 528 3696 mrrlta
541 3662 590 3696 co-
632 3649 756 3698 Orontem
775 3647 951 3700 traducerent.
983 3663 1008 3696 v.
1029 3643 1125 3694 Malola
1144 3661 1172 3710 p.

55 3715 141 3780 aaut:
153 3717 362 3788 erpoeitarunt:
380 3717 441 3768 Vct.
451 3717 588 3766 Gramma·
632 3717 690 3770 176.
717 3715 826 3768 Cedren.
874 3713 953 3770 .134
978 3732 1018 3782 aq.
1039 3713 1102 3764 Lam
1122 3711 1172 3763 rid.

55 3785 91 3834 tir.
109 3787 311 3856 Aporpenmatia
332 3785 367 3836 ad
386 3785 483 3836 calcem
505 3784 589 3836 Mallii
629 3784 738 3852 Elagab.
752 3787 778 3846 7,
796 3797 824 3836 et
842 3737 879 3836 ili
893 3785 1001 3854 Salmas.
1020 3781 1079 3834 add.
1102 3731 1172 3832 961-

55 3855 81 3902 ab
93 3855 185 3908 Hmin
204 3874 253 3908 ero
268 3855 345 3908 edita
356 3871 383 3922 p.
397 3854 439 3908 9³.
452 3853 495 3908 94.
629 3853 676 3904 hel
690 3853 815 3906 Doctrina
827 3871 927 3905 numor.
940 3853 1002 3903 Vol.
1017 3854 1060 3916 111,
1075 3851 1170 3920 p.317.

83 3925 153 3989 066.
218 3930 328 3976 oreore.
363 3925 393 3974 lu
406 3922 504 3984 Sicilia,
520 3921 589 3974 inter
629 3921 803 3974 clarissimum
816 3923 916 3976 Dianae
928 3921 1057 3974 Tauricae
1069 3921 1170 3990 rignum
1236 3929 1242 3936 ‘

57 3991 126 4058 Urina
145 4007 171 4046 et
192 3993 379 4056 Naulochum,
401 4009 455 4042 non
471 3990 551 4060 louge
572 4009 589 4043 a
629 3992 680 4044 tuit
695 3993 723 4043 in
742 3993 844 4046 Atticae
861 4009 931 4060 pago
948 3993 1098 4053 Brauroue3
1115 3991 1170 4041 Eu-
1256 4053 1260 4060 Ι

56 4063 225 4126 motoria
245 4063 361 4124 Peloro,
383 4061 509 4130 templum
522 4061 588 4112 Dia·
630 4062 680 4130 rip.
695 4061 779 4130 lphig.
792 4061 818 4112 in
831 4064 909 4114 Taur.
921 4071 986 4113 extr.

56 4147 93 4181 eae
110 4133 255 4186 Facelinue
277 4131 335 4183 eive
348 4131 515 4194 Facelitidie,
533 4125 587 4198 ’atp-
666 4131 689 4199 §.
703 4131 745 4186 86.
763 4131 828 4183 Alii.
849 4129 936 4183 Facile
947 4141 1064 4200 apparet,
1075 4131 1170 4180 Gram-

55 4199 149 4263 tt'udee
160 4201 354 4269 φαιελίτιδος,
367 4209 438 4261 eret,
455 4199 526 4251 mine
542 4219 588 4252 en-
630 4200 741 4252 maticor
761 4197 827 4252 baec
840 4219 872 4252 ex
890 4199 923 4252 iia
937 4211 1073 4270 poetarum
1086 4201 1170 4250 boco-

55 4285 151 4322 emac
162 4287 260 4322 norueu
274 4290 291 4321 a
304 4269 518 4320 Lacedaemoniis
556 4287 588 4321 e-
628 4269 739 4321 licorum
759 4267 825 4321 locie
843 4269 997 4338 collegiare,
1020 4269 1047 4320 in
1068 4268 1170 4337 quibua,

55 4339 198 4394 timeum:
216 4359 242 4392 r.
255 4342 369 4392 Peneon.
379 4339 473 4402 111,16,
505 4289 587 4404 .2l9;
667 4337 737 4390 otico
746 4355 835 4404 more,
858 4339 937 4392 modo
954 4340 1023 4390 hunc
1036 4337 1116 4390 modo
1132 4335 1169 4386 il-

56 4425 99 4460 nun
124 4421 210 4461 artem
236 4409 267 4460 hi
289 4407 421 4476 originem
447 4425 463 4458 a
485 4357 588 4460 heure
641 4425 684 4460 um
702 4407 779 4460 deum
801 4425 887 4461 rerum
908 4408 1061 4462 raeticarum
1088 4423 1169 4473 prae-

56 4477 164 4534 Turioee
177 4479 322 4532 eirnnlncm
337 4495 388 4546 per
407 4480 525 4530 Orestem
536 4477 588 4530 de·
630 4477 713 4530 eidem
730 4477 870 4550 propitium
888 4479 939 4530 ribi
959 4495 1016 4530 eree
1035 4473 1169 4540 volebant,
