2784 4988
269 405 532 483 EDITIONIS
559 405 754 484 PRIMAE
779 408 919 484 LXVII
1033 431 1150 481 xrnnrr

84 590 213 667 Omnino
232 605 364 668 autem
385 594 427 668 in
443 593 679 669 recensione
696 596 896 696 scriptoris
911 597 1082 698 antiqui,
1110 598 1151 672 in

81 694 142 794 ipsis
155 695 224 770 eius
245 697 598 775 verbis'innovatio
618 697 749 772 omnis
767 698 896 774 critica
915 723 999 776 non
1022 699 1150 777 modo

80 797 198 895 periculi
229 813 266 874 et
300 793 556 876 dubitationis
590 798 714 876 babet
737 800 974 901 plurimum,
1009 829 1159 904 verum⁸

79 900 176 992 ctiam,
200 900 292 977 dum
314 902 486 980 subinde
501 927 602 978 nova
621 903 905 1004 exemplarium
924 905 1151 1008 discrepan-

79 1002 283 1102 tiainsertur‚
319 1031 364 1082 ea
389 1030 454 1082 res
474 1006 564 1108 plus
585 1007 792 1083 molestiae
823 1021 863 1083 et
883 1009 1002 1084 taedii
1029 1031 1150 1113 quarn

77 1101 184 1182 luctus
206 1120 244 1183 et
264 1109 440 1186 utilitatis
460 1107 596 1200 affert;
632 1123 678 1185 ut
699 1109 818 1198 adeo,
852 1137 897 1188 err
925 1139 1006 1214 quo
1032 1113 1150 1190 lectio

76 1207 192 1286 almirrs
211 1213 413 1313 scriptoris
437 1215 561 1289 semel
577 1209 654 1288 fuit
670 1213 719 1288 ad
743 1214 928 1290 codicum
945 1213 1070 1291 fidem
1087 1241 1150 1292 ac-

75 1325 168 1389 unte
186 1317 270 1390 satis
286 1317 510 1412 constituta,
538 1341 593 1407 ea,
622 1341 723 1416 quae
740 1319 821 1393 sive
838 1319 985 1416 ingenii
1003 1321 1151 1396 acumi-
1234 1352 1244 1366 ’
1364 1301 1365 1368 Ῐ

75 1439 106 1488 ne
123 1417 188 1492 sire
212 1419 399 1496 codicum
433 1445 513 1520 ope
543 1419 688 1495 mutari
708 1421 880 1520 possint,
930 1422 1004 1496 nisi
1027 1423 1152 1522 ipsam

74 1519 225 1618 scriptoris
240 1524 479 1600 sententiam
502 1519 693 1614 afficiant,
721 1519 826 1599 notis
847 1537 887 1600 et
906 1525 1152 1600 observatio-

75 1620 153 1698 nibtu
178 1628 316 1701 servari
348 1625 495 1702 malim.
548 1625 731 1724 Virgilius
760 1641 938 1704 autema
965 1630 1152 1705 trecentis

75 1723 136 1801 inde
157 1729 259 1803 annis
281 1742 344 1805 tot
372 1727 694 1809 doctissimorum
724 1732 902 1807 virorum
931 1731 1060 1808 studia
1086 1753 1151 1808 crr-

74 1841 168 1926 pertus
191 1844 263 1926 est,
290 1846 355 1928 ut,
384 1833 562 1932 inprimis
582 1835 836 1933 postHeinsii
869 1860 912 1910 ac
934 1836 1151 1913 Burmanni

73 1953 208 2030 operam,
233 1961 360 2012 nemo
385 1933 500 2011 facile
523 1950 604 2010 tam
626 1961 749 2011 vanus
769 1950 906 2013 auctor
920 1939 1150 2039 reperiatur,

72 2035 257 2132 quielibris
278 2041 435 2140 scriptis
456 2037 581 2115 multa
601 2038 818 2140 praeclara,
846 2066 948 2142 quae
965 2041 1151 2117 nondum

72 2161 100 2208 u
115 2139 179 2214 aliis
194 2142 302 2222 libris
327 2155 463 2220 notata
483 2144 578 2238 sint,
605 2142 786 2242 polliceri
805 2144 912 2224 ausit.
965 2144 1090 2220 Aliter
1108 2169 1150 2222 sc

71 2264 128 2316 rern
139 2243 273 2322 habero
288 2248 387 2321 novi
402 2249 442 2321 in
459 2247 727 2350 scriptoribus
756 2272 931 2349 quorum
950 2247 1150 2348 exempla—

71 2345 106 2416 rr'a
122 2372 226 2444 paura
248 2365 317 2426 aut
342 2362 475 2425 extant
497 2361 563 2425 aut
586 2351 760 2450 inspecta
783 2365 884 2430 sunt.
938 2356 988 2427 At
1007 2375 1151 2427 eorum
1279 2419 1286 2428 .

70 2451 280 2550 scriptomm,
318 2477 496 2554 quorum
519 2453 676 2529 codices
700 2467 740 2528 et
763 2467 888 2532 aetate
915 2467 955 2529 et
971 2454 1151 2530 bonitate

71 2567 264 2646 praestantes
293 2580 446 2654 magno
470 2574 642 2632 numero·
670 2558 748 2631 iarn
778 2558 943 2660 inspecti
975 2570 1085 2652 sunt,
1120 2558 1151 2632 si

71 2651 135 2728 alios
146 2659 292 2735 codices
314 2658 498 2757 vulgares
520 2661 826 2760 comparaveris,
854 2660 985 2734 omnis
1000 2657 1153 2734 fructus

70 2755 262 2863 plemmque
285 2761 339 2838 ad
353 2763 556 2840 sollennes
575 2777 641 2838 aut
654 2787 782 2838 novos
801 2787 956 2837 errores
972 2761 1153 2836 librario-

71 2885 139 2958 rum,
158 2879 193 2940 et
204 2867 414 2943 varietates
430 2867 508 2940 iarn
523 2865 684 2942 aliunde
702 2877 816 2942 notas
831 2864 953 2954 redit;
980 2865 1032 2940 ita
1046 2864 1152 2938 male

71 2961 243 3045 collocatur
270 2972 414 3047 otium.
466 2972 622 3070 ltaque,
657 2971 689 3044 si
714 2970 802 3072 quis
824 2968 1004 3043 lectionis
1027 2967 1153 3043 varie-

71 3079 155 3144 tatem
178 3097 219 3150 er
242 3073 410 3174 optimis
433 3071 541 3147 libris
566 3073 616 3148 ad
637 3087 820 3148 nostrum
843 3071 971 3174 usq'ue
993 3086 1152 3172 tempus

71 3171 204 3276 undique
231 3189 464 3274 congestam
487 3175 732 3272 consideret,
759 3176 808 3250 ad
833 3175 1151 3251 emendatiorem

71 3287 95 3344 et
114 3281 341 3355 umatiorem
373 3277 576 3376 Virgiliani
609 3280 789 3357 carminis
812 3278 1028 3355 lectionem
1053 3303 1151 3377 ope-

70 3397 127 3451 ram
150 3386 413 3458 recentiorem
440 3380 570 3457 multo
595 3383 727 3460 minus
756 3380 1001 3458 fructuosam
1031 3380 1152 3456 fuisse

70 3477 234 3582 intelligat,
276 3510 403 3588 quarn
436 3486 685 3586 superiorum
718 3500 948 3585 temporum
985 3483 1153 3581 diligen-

70 3579 149 3676 tiam3
172 3589 428 3674 anovissimis
446 3603 581 3664 autem
597 3589 748 3665 Criticis
768 3589 826 3664 vix
849 3590 1064 3692 quicquam
1087 3611 1153 3660 va-

71 3685 177 3764 rietatis
202 3717 222 3767 e
252 3689 462 3769 codicibus
487 3713 572 3766 esse
601 3705 823 3781 enotatum,
859 3689 971 3792 quod
995 3713 1079 3765 non
1107 3713 1154 3764 err

70 3785 241 3870 tristibus
265 3799 348 3872 iarn
375 3807 558 3870 notatum
582 3807 622 3869 et
642 3794 818 3894 plurium
841 3794 1038 3870 librorum
1058 3816 1154 3868 con-

70 3912 155 3970 sensu
169 3915 264 3975 esset
285 3895 591 3986 consumatum
618 3895 826 4000 pleraque,
855 3895 967 3998 quod
989 3895 1061 3996 ipsi
1083 3895 1153 3969 tri-

71 3989 121 4068 bus
139 4001 333 4079 codicibus
355 3999 634 4101 comparandis
657 4003 805 4101 experti
828 4024 981 4095 sumus,
1003 3998 1059 4094 ¹ad
1084 3997 1154 4072 ab·

72 4103 245 4181 errationes
266 4107 524 4182 librariorum
546 4103 698 4196 redire3
727 4118 765 4178 at
784 4105 825 4177 in
848 4103 893 4176 iis
910 4101 1023 4196 locis,
1052 4125 1153 4201 quae

73 4199 178 4281 ulnus
189 4207 348 4306 babent,
373 4207 486 4310 quod
499 4208 735 4284 sententiam
754 4206 939 4280 orationis
957 4203 1155 4298 obscuret,

76 4307 283 4388 restituendis
307 4337 354 4388 ac
372 4311 574 4409 sanandis,
601 4309 648 4384 ab
665 4308 727 4386 his
751 4308 953 4384 codicibus
971 4331 1055 4382 non
1069 4331 1155 4382 rna-

79 4405 318 4518 b'tquicquam
339 4414 520 4491 utilitatis
537 4439 657 4516 quarn
678 4437 699 4486 a
716 4413 855 4486 ceteris
873 4410 1013 4486 arcessi
1027 4431 1154 4510 posse.

110 4531 237 4616 lucu.
263 4541 371 4614 Tou.
399 4537 429 4612 t
929 4553 949 4602 c
