2636 4998
267 885 864 968 ECLOGAIX

444 1071 678 1140 tionis

358 1231 758 1300 ARGUMENTUM
871 1329 874 1337 ι

26 1345 187 1458 burt...
200 1395 357 1460 uncum
370 1401 516 1466 haesuros
531 1405 705 1486 deportanti
717 1404 827 1481 noas,
848 1404 964 1480 aueo,
988 1399 1053 1486 (qui
1066 1401 1125 1462 aa

26 1485 94 1542 mnes
104 1486 204 1566 stipsi
220 1487 409 1566 servierant,
428 1511 457 1552 v.
470 1491 531 1551 Ecl.
546 1493 569 1570 1,
582 1497 635 1558 28.
658 1493 716 1552 Cic.
730 1493 815 1552 Verr.
831 1489 881 1566 Ill,
896 1487 967 1573 503)
990 1489 1125 1568 adiungit

26 1589 44 1624 e
60 1571 84 1628 iu
104 1571 212 1630 itinere
227 1573 369 1652 Lycidas,
397 1585 497 1636 aetate
515 1577 644 1638 florente
662 1587 765 1658 pastor
786 1585 817 1634 et
838 1576 1004 1635 carminum
1022 1575 1124 1634 studio

25 1655 141 1734 lsgsans3
164 1679 181 1714 a
195 1679 256 1735 quo
275 1659 344 1718 viae
360 1681 493 1722 caussam
507 1673 629 1743 rogatus
641 1664 750 1723 Moeris
764 1662 947 1724 calamitates
960 1682 1043 1736 suas,
1066 1661 1124 1719 do-

26 1742 146 1820 minique,
173 1743 338 1820 Menalcas,
370 1747 493 1810 iciurias
513 1769 548 1808 ac
566 1749 700 1830 pericula
713 1752 794 1808 inter
807 1747 958 1823 eundum,
986 1747 1019 1806 id
1040 1743 1124 1825 quod

25 1827 186 1903 aliquantum
206 1831 402 1894 iucunditatis
422 1831 529 1910 babet,
558 1844 787 1912 commemorat3
816 1852 943 1912 cumque
963 1853 1060 1891 sermo
1083 1830 1123 1890 ad

25 1910 149 1972 Menalcae
165 1917 299 1975 earmina
315 1917 463 1978 deductus
480 1929 572 1994 esset,
600 1922 707 1981 recitat
726 1929 853 1998 uterque
869 1918 1014 1979 nonnulla
1030 1938 1069 1978 ex
1086 1917 1123 1976 iis

26 1997 162 2075 inmensa
180 2022 216 2060 ac
235 2002 332 2078 locos,
355 2003 407 2082 qui
420 2005 483 2064 fere
502 2025 541 2064 ex
554 2003 867 2068 Theocritooonversi
882 2013 968 2080 sunt,
994 2004 1042 2064 uti
1056 2012 1122 2064 tota

26 2086 137 2144 cimina
157 2087 255 2146 lorma
268 2107 308 2146 ex
322 2089 385 2150 eim
400 2089 508 2170 ldyllio
529 2091 654 2170 septimo
671 2093 763 2152 dueta
779 2101 832 2152 est.
876 2092 988 2150 Totum
1003 2109 1123 2148 carmen

26 2169 51 2225 ol
64 2181 172 2232 certum
189 2183 297 2252 poetae
314 2175 469 2236 consilium
493 2178 703 2256 compositum,
732 2178 870 2256 eiusque,
895 2177 951 2236 sub
971 2175 1122 2234 Menalcae
1170 2174 1174 2182 '

26 2257 133 2332 nomine,
163 2259 318 2320 fortunam
341 2281 377 2320 ac
398 2269 570 2341 temporum
590 2263 789 2323 calamitatem
806 2263 838 2322 in
857 2281 892 2320 eo
911 2261 1122 2321 adumbratam

26 2359 83 2414 tos,
108 2345 298 2404 manifestum
312 2346 356 2406 fit.
399 2346 462 2406 lam
477 2348 598 2408 Servius
610 2369 703 2428 porro
722 2348 798 2408 haec
813 2355 932 2406 narrat:
957 2349 1118 2425 Virgilius,

23 2441 158 2506 psapcam
170 2451 273 2507 poene
287 2435 400 2490 ococ'sccs
420 2445 463 2490 est
482 2432 521 2491 ab
533 2437 622 2492 Am'o
642 2437 823 2512 centurione,
851 2435 937 2491 ccciccc
957 2434 989 2490 in
1005 2453 1035 2488 ss
1051 2435 1121 2490 stri-

27 2523 85 2568 ctum
105 2513 248 2592 gladium
267 2529 300 2574 ut
325 2515 486 2598 effugeret,
522 2521 555 2576 c'ca
577 2521 728 2577 Mincium
746 2522 848 2598 fl..se
867 2519 1122 2594 praecipitaverat

28 2597 81 2661 (ud.
100 2600 188 2659 eund
208 2601 249 2660 ad
268 2601 325 2676 Ill,
347 2601 420 2684 94),
446 2605 580 2662 Romam
598 2617 742 2662 revomens
762 2603 921 2663 mandavit
940 2613 1121 2679 pmocooco-

26 2681 84 2738 clas
94 2687 163 2760 suis,
177 2700 211 2745 ccc
223 2700 373 2746 sumentur
382 2708 474 2766 agros
489 2710 558 2748 occos
574 2701 602 2747 et
614 2691 809 2767 adpraesens
825 2687 1121 2766 obsequeremurm»

26 2769 65 2822 tiu.
102 2771 195 2829 Modo
210 2793 282 2852 ergo
297 2775 427 2848 Moeris,
452 2787 632 2851 procurator
650 2777 730 2850 edes,
753 2773 916 2833 secundum
925 2783 1122 2850 praeceptum

25 2859 135 2930 fulconi,
156 2871 262 2934 portat
279 2858 391 2916 haedos
403 2861 591 2935 Mantuam,
615 2881 689 2939 quoa
702 2861 791 2919 Am'o
807 2858 925 2940 offensi.
973 2857 1120 2930 Quaeres

27 2955 77 2996 tun
88 2959 135 3018 per
147 2961 177 3000 se
195 2964 258 3003 non
273 2943 477 3024 improbabilis
496 2945 551 3022 sit;
573 2945 689 3004 effrenis
704 2946 783 3005 enim
797 2944 891 3004 libido
912 2951 944 3003 et
962 2942 1120 3002 insolenb'a

26 3023 129 3112 pilitum
148 3029 180 3088 in
199 3029 332 3090 colonias
351 3029 553 3090 deductorum
571 3051 640 3110 erga
659 3049 841 3110 possessores
858 3049 1016 3110 agrorum,
1045 3049 1120 3108 quos

27 3109 66 3184 ῐμί
87 3111 273 3192 affectabant,
295 3115 385 3175 fuisso
403 3126 603 3192 memoratur,
631 3115 693 3177 vid.
714 3117 840 3198 Appian.
861 3116 925 3176 Civ.
941 3114 993 3176 lib.
1010 3115 1046 3192 V,
1069 3118 1118 3180 12.

29 3195 56 3253 ΙΙ
75 3191 126 3271 (θᾶ
143 3199 245 3280 Steph-
267 3199 422 3284 p.1082);
452 3201 533 3282 apud
555 3202 683 3262 eundem
699 3211 800 3263 tamen
816 3221 890 3262 mox
907 3201 965 3260 elia
982 3202 1118 3261 narratio

29 3275 154 3344 betuna
167 3287 331 3362 attesdtsu,
353 3307 413 3366 qua
429 3295 460 3346 at
475 3287 636 3368 superioris
651 3287 725 3349 fides
742 3287 924 3368 infringitur.
960 3287 1043 3347 Haec
1054 3288 1118 3366 ipsa

28 3381 40 3414 ⁸
56 3371 252 3432 recentioribus
270 3371 485 3454 interpretibus
503 3374 601 3433 multo
618 3373 710 3434 etiam
729 3375 821 3455 magis
840 3381 986 3434 exornata
1006 3373 1118 3432 videas.

29 3443 118 3526 lffipioe
130 3457 214 3517 modo
232 3457 394 3518 Catroeum
409 3479 445 3517 ac
457 3459 602 3519 lluaeum.
645 3461 692 3519 Ex
705 3460 770 3541 ipso
785 3459 915 3520 carmine
928 3457 1003 3518 baec
1013 3458 1118 3516 saltem

29 3535 230 3604 confirmentur:
258 3545 404 3624 scriptum
420 3543 453 3603 id
477 3565 540 3605 esse
561 3564 595 3604 eo
615 3564 710 3621 anno,
734 3567 794 3626 quo
822 3545 885 3625 agri
905 3545 1118 3604 Cremonenses

30 3635 53 3672 ἃ
71 3621 208 3688 hnmani
230 3633 310 3689 inter
328 3631 493 3690 veteranos
514 3631 604 3691 divisi
626 3639 738 3708 essent,
766 3633 803 3692 U.
826 3632 858 3690 C.
879 3633 955 3705 718,
984 3629 1119 3706 adeoque
1167 3678 1173 3706 ³

31 3705 108 3778 Plstlb
117 3723 178 3790 post
192 3716 320 3794 primam
333 3717 484 3796 Eclogam3
506 3717 621 3795 Virgilii
642 3718 797 3778 fortunam
813 3716 868 3776 sub
882 3714 1033 3774 Menalcae
1046 3733 1118 3794 per-

33 3809 87 3846 eous
105 3797 283 3878 adumbrari3
316 3801 400 3861 bunc
424 3801 544 3880 quidem
565 3822 699 3862 caussam
716 3801 870 3877 habuisse,
903 3799 938 3860 in
960 3799 1118 3880 largitione

32 3885 75 3930 ¹¹¹²
91 3887 190 3957 anana
211 3909 300 3966 agros
323 3907 393 3948 suos
410 3887 466 3946 sibi
488 3889 627 3948 relictum
646 3889 703 3964 iri,
732 3897 770 3948 ut
787 3887 938 3962 crederet3
966 3895 1056 3964 atque
1074 3885 1118 3945 its

32 3961 104 4037 ΙΨ
117 3971 253 4032 creditum
271 3973 378 4048 ficisse3
405 3973 468 4033 eius
484 3974 529 4032 rei
542 3991 624 4053 spem
644 3993 679 4032 ac
693 3973 783 4032 fidem
805 3972 971 4032 carminum
991 3971 1118 4052 gratiam

31 4043 114 4104 ΗΜ
131 4073 156 4114 v·
169 4061 299 4134 6-1o;
327 4059 416 4118 luisse
437 4067 538 4118 tamen
555 4059 641 4119 illum
654 4057 886 4141 possessionibus
902 4057 963 4116 suia
981 4057 1117 4135 eiectum,

32 4149 111 4220 ΡΨ
125 4137 151 4196 id
167 4139 225 4200 sine
246 4165 352 4224 magno
366 4143 517 4224 perimslo,
538 4163 568 4204 v.
586 4144 626 4209 15
644 4153 676 4203 et
692 4149 741 4209 16.
784 4143 923 4203 Carmina
941 4143 1018 4222 ipsa,
1041 4163 1117 4222 quae

31 4225 128 4276 intexta
144 4237 222 4302 sunt,
257 4249 383 4290 numero
403 4239 551 4308 quatuor,
578 4239 651 4289 sunt
669 4231 781 4308 partim
802 4249 819 4288 e
838 4227 999 4288 Theocrito
1020 4249 1116 4306 versa,

31 4303 124 4374 farum
137 4309 169 4368 sd
181 4322 345 4394 temporum
360 4317 563 4376 conditionem
575 4315 800 4375 accommodata
816 4333 846 4374 v.
859 4313 902 4380 46
918 4335 961 4394 sq.
987 4315 1117 4394 Lycidas

31 4403 106 4458 pom
118 4395 230 4458 studium
242 4410 270 4458 et
286 4401 433 4481 cupiditas
451 4401 593 4462 audiendi
607 4401 737 4460 delectat
753 4401 794 4467 56
807 4419 871 4480 sqq.
902 4400 1033 4460 Omnino
1048 4421 1117 4460 car-

32 4487 89 4527 neo
102 4475 219 4570 spiritqm
228 4485 358 4547 Maronis
370 4495 404 4564 et
418 4487 592 4568 dignitatem
608 4486 722 4569 spicam
734 4487 854 4569 prodit3
874 4487 931 4548 atsi
949 4487 982 4547 in
1001 4506 1116 4548 summa
