2710 4998
202 429 279 504 DE
311 423 584 509 CARMINE
616 421 928 503 BUCOLICO
1079 429 1126 502 15

50 615 167 695 ardum
183 627 317 697 tamen
336 625 422 692 tam
440 611 603 701 sollicite
626 613 831 693 Theocriti
855 611 1012 709 vestigia
1033 632 1125 712 pre-

49 721 109 811 mit,
137 732 176 795 ut
194 715 403 816 sublegere
425 719 557 818 potius
581 715 745 814 illisue,
786 730 827 792 et
852 739 986 796 versus
1006 711 1131 790 undi-'

46 848 100 922 que
116 822 349 922 conquisitos
365 820 487 898 latine
508 834 759 920 convertere,
785 843 906 922 quam
926 841 998 899 suo
1015 819 1125 914 inge-

46 927 90 1002 nio
106 927 156 1001 uti
173 924 362 1014 videatur,
418 923 500 1001 Sed
521 924 573 1000 de
592 924 727 1002 his'ita
751 925 931 1026 quisque,
955 921 1014 1000 uti
1035 920 1126 997 libi-

45 1045 102 1105 tum
119 1041 189 1126 est,
205 1029 360 1128 sentiat.
412 1028 454 1104 Si
474 1041 609 1107 tamen
631 1027 758 1129 aliqua
778 1025 927 1124 Virgilii
948 1051 994 1102 ea
1018 1025 1059 1102 iu
1080 1049 1125 1100 re

45 1131 124 1232 cup
143 1145 215 1230 est,
240 1129 354 1234 quod
376 1129 630 1212 Theocriteas
656 1129 812 1208 lacinias
834 1127 1132 1231 consarcinavit,

44 1237 104 1310 ut'u
120 1257 246 1332 graves
268 1257 421 1338 poenas
439 1230 569 1334 dedit,
596 1259 689 1312 cum
711 1248 803 1336 post
825 1257 920 1312 emn
937 1234 997 1308 vix
1020 1231 1126 1337 quis
1171 1319 1183 1348 ι

45 1361 130 1438 quam
152 1352 215 1416 aut
233 1351 419 1420 veterum
437 1351 507 1421 aut
524 1339 794 1416 recentiorum
813 1336 1018 1416 bucolicos
1037 1358 1127 1410 ver·
1153 1371 1157 1378 ·

43 1465 86 1516 sus
99 1441 321 1542 condiderit,
348 1443 445 1544 quin
469 1467 516 1519 ex
528 1441 689 1540 Virgilio
704 1466 852 1526 novam
872 1435 1127 1542 rhapsodiam

44 1541 278 1627 bucolicorum
305 1569 494 1626 vanuum
523 1559 564 1622 et
590 1546 876 1622 sententiarum
905 1543 1126 1621 adomaret

44 1647 175 1724 Folius
202 1647 307 1728 haec
330 1649 385 1728 ‘in
419 1647 622 1728 nonnullis
657 1650 759 1727 vitae
796 1649 964 1726 rusticae
1000 1644 1128 1746 parvis

44 1761 202 1852 tamqnam
223 1749 381 1829 tabellis
398 1753 555 1840 musivo
577 1771 701 1853 opere
725 1747 1045 1853 coagmentandis
1066 1749 1127 1823 in-

43 1849 151 1930 ducere
167 1854 329 1959 plerum
388 1880 411 1930 e
431 1853 535 1932 solet
558 1868 817 1945 nascentes
843 1867 999 1956 poetas,
1023 1851 1126 1930 utin

43 1953 143 2050 toliis
162 1957 322 2036 conden
354 1959 385 2036 is
401 1958 549 2058 ingenii
562 1957 784 2059 periculum
802 1957 998 2056 faciant*].
1024 1959 1127 2037 (ium

42 2057 555 2161 t.rbella1umha1um,.utita
578 2061 724 2160 dicam,
753 2081 799 2138 ex
820 2063 903 2139 vita
917 2060 1128 2162 pastoritia,
1172 2135 1189 2154 ‚

42 2185 113 2334 puae
124 2163 272 2263 placere
287 2166 453 2265 possint,
466 2167 699 2266 perexiguus
713 2165 763 2240 sit
774 2187 985 2256 numerum
999 2161 1127 2240 multo

42 2261 84 2338 ile
106 2267 213 2344 etiam
240 2270 381 2346 minor
407 2265 582 2366 lutuno,
621 2267 696 2347 nisi
725 2270 847 2346 evita
867 2267 994 2370 prisca
1023 2280 1062 2342 et
1083 2291 1128 2344 ex

42 2369 165 2470 artipro
198 2395 396 2455 somnone
434 2371 610 2473 mythico
646 2371 771 2450 multa
804 2373 846 2448 in
880 2369 1127 2472 pastoritium

42 2491 229 2552 temonem
250 2476 505 2574 migrassent:
531 2473 694 2552 difficile
709 2485 769 2554 est
788 2471 913 2552 multa
933 2476 976 2550 in
989 2473 1050 2552 his
1062 2498 1126 2549 va-

41 2571 126 2670 riare,
153 2591 196 2654 nt
219 2601 299 2655 nec
321 2591 456 2656 tamen
481 2605 504 2654 a
525 2578 789 2680 simplicimte,
829 2579 914 2656 sine
942 2600 1020 2682 qua
1048 2575 1129 2652 hoc

41 2679 309 2784 geuusplacere
337 2683 495 2785 nequit,
533 2681 707 2769 recedae
760 2683 838 2778 Qui
862 2681 982 2784 primi
1007 2706 1029 2757 e
1053 2703 1129 2758 no-

41 2781 183 2861 stratibus
208 2785 254 2863 in
274 2785 358 2868 hoc
380 2807 505 2884 genus
529 2785 770 2883 involarunt,
810 2784 949 2862 saltem
970 2795 1129 2864 verten-

42 2875 82 2954 dis
92 2907 127 2960 ac
137 2887 366 2987 repetendis
374 2888 544 2991 antiquis
560 2889 766 2986 ingenium
780 2887 1000 2990 approbare
1013 2899 1128 2988 pote·

41 2999 108 3062 rant
150 2993 264 3070 Nunc
292 2988 380 3073 sere
407 2991 584 3072 taedium
603 2991 775 3089 faciunt,
811 2991 879 3093 qui
900 2991 1049 3070 centies
1068 2988 1131 3068 di-

42 3099 301 3202 ftarepetunt,
331 3119 434 3198 quae
458 3095 556 3180 dun
583 3095 789 3196 ingeniose
809 3095 956 3174 variare
977 3093 1129 3192 volunt,

41 3211 67 3262 111
81 3197 229 3292 argutias
244 3213 286 3276 et
298 3197 408 3276 lusus
426 3199 617 3280 incidunt.
648 3202 854 3278 Romanae
879 3199 970 3278 artis
998 3197 1130 3275 omni-

42 3313 78 3364 t0
100 3323 173 3376 non
201 3302 338 3400 exigua
395 3321 456 3382 ars
483 3303 526 3381 in
549 3327 600 3380 eo
630 3301 918 3402 continebatur,
943 3329 972 3380 u
1027 3323 1129 3404 quae

42 3399 205 3482 aomecis
233 3419 355 3486 natur
392 3407 401 3424 '
431 3405 559 3508 aliqua
588 3429 679 3490 cum
701 3419 903 3484 venustate
926 3419 967 3484 et
1028 3425 1129 3506 pore

43 3493 115 3614 licta
138 3509 378 3611 acciperent,
414 3535 459 3586 ea
481 3509 670 3591 orationis
689 3535 782 3586 suae
804 3506 1010 3607 dignitate,
1042 3529 1130 3604 gra-

43 3613 144 3704 uate,
186 3635 229 3688 ac
257 3613 372 3714 copia
400 3626 599 3694 ornarent.
662 3617 750 3690 Hoc
782 3635 911 3696 unum
937 3611 1131 3707 monebo,

44 3705 94 3780 ⁰5⁸5
110 3715 343 3812 menineris,
368 3716 410 3792 in
428 3715 590 3815 Virgilio
616 3715 705 3818 plus
728 3717 833 3812 artis,
856 3715 900 3790 in
913 3713 1129 3794 Theocrito

45 3803 105 3902 llus
121 3818 265 3896 nativae
296 3817 540 3917 elegantiae,
570 3845 677 3919 esse,
719 3831 760 3896 te
780 3841 864 3896 non
884 3817 1017 3898 mirari
1045 3839 1129 3894 non

47 3929 147 4012 poue,
177 3945 269 4002 cum
289 3921 441 4018 videas,
469 3923 588 3998 etiam
608 3922 960 4026 praestantissimos
984 3945 1031 3996 ex
1049 3919 1129 4000 hoc

45 4027 157 4102 gruere
190 4037 328 4124 poetas
363 4026 633 4106 recentiorum
664 4036 896 4128 temporum
922 4023 1129 4123 Virgilium

67 4213 157 4278 'lffiit
171 4225 248 4280 etiam
266 4227 295 4280 in
309 4229 434 4282 bucolicis
452 4230 548 4282 carmi·
588 4231 648 4286 dam
673 4230 716 4283 vel
741 4229 888 4302 Mor-tynum
913 4241 976 4300 post
997 4229 1128 4282 Ursinum.

46 4279 99 4396 ΕΓ
117 4293 178 4374 ¹a⁰f¹
194 4297 353 4378 lpterpretcr
378 4299 549 4384 tanta'oopia
585 4301 712 4370 Equidem
724 4317 777 4384 opu
787 4301 838 4352 nisi
857 4316 889 4354 οι
900 4299 1029 4372 apposui,
1061 4313 1129 4380 qupo

75 4367 133 4408 Ν
148 4363 262 4417 tmlm
279 4377 306 4418 et
324 4379 486 4438 componun
499 4387 547 4422 ec-
588 4379 634 4422 aut
646 4371 749 4421 Maroni
765 4379 826 4421 unte
841 4369 930 4422 oculos
949 4371 1022 4420 luero
1036 4377 1081 4420 aut
1095 4367 1128 4416 ri-

47 4421 127 4504 ΜΡ
144 4435 324 4491 'mentiamur
340 4435 428 4490 afferri
449 4457 479 4492 ac
498 4455 546 4494 cu-
588 4437 750 4492 lustrationia
765 4437 817 4490 vim
829 4437 929 4490 hahere
942 4445 1060 4506 possunt.

47 4489 115 4542 ’ὑπ
130 4497 199 4554 utet
229 4489 354 4572 opacat
374 4505 466 4576 utque
481 4507 547 4560 cer-
