2634 5012
195 411 270 484 ns
551 399 959 478 excursusu*
1036 341 1043 352 ⁸

477 629 1057 752 excussusir

196 841 257 908 Ad
288 843 415 906 locum
449 841 497 904 de
526 842 812 926 prognosticis
849 859 1018 904 serenae
1048 839 1304 922 tempestatis

623 965 672 1007 er
697 945 890 1028 pluuiali.

284 1108 390 1188 Georg.
404 1107 427 1184 l,
445 1109 508 1172 893
531 1108 601 1170 Neo
613 1111 714 1167 mirus
727 1129 764 1168 ex
780 1107 956 1166 mensales
969 1119 997 1164 et
1010 1119 1114 1184 aperta
1124 1125 1230 1163 serem
1239 1105 1303 1160 Pto-

199 1197 311 1273 spicere
324 1207 352 1253 et
363 1197 448 1254 certas
461 1197 572 1271 poteris
594 1215 768 1274 cognoscere
783 1197 888 1274 signia.
932 1195 1022 1250 Nam
1040 1213 1131 1272 neqroe
1146 1205 1215 1248 trun
1227 1189 1305 1246 sorte

199 1283 281 1340 acies
299 1279 403 1338 obtusa
426 1279 560 1352 vr‘detnr,¹
593 1283 664 1340 Nec
678 1280 790 1358 fratris
813 1279 908 1338 radiis
922 1277 1050 1336 obnoxia
1069 1297 1190 1356 surgere
1204 1279 1305 1335 Luras

204 1369 320 1424 Tenuis
331 1385 384 1424 nec
396 1367 487 1424 lanae
498 1385 557 1444 per
568 1367 684 1424 coelum
697 1366 808 1424 vellera
814 1365 894 1443 ferri
899 1387 912 1436 ;
936 1365 1011 1422 Non
1024 1363 1159 1442 tepidam
1174 1363 1220 1420 ad
1230 1363 1307 1418 rotem

195 1473 315 1530 pennas
329 1453 362 1510 io
379 1452 462 1509 litore
474 1450 617 1529 porrdunt
630 1453 771 1510 Dilectae
789 1449 908 1510 Thetidi
920 1450 1074 1528 alcyones;
1096 1470 1158 1506 non
1172 1469 1221 1506 ore
1239 1447 1307 1503 solu-

200 1549 245 1595 tos
266 1535 411 1596 Inmundi
428 1539 584 1594 nominare
602 1558 669 1596 eroes
687 1539 800 1594 metare
817 1536 987 1612 memplos:
1016 1536 1059 1593 At
1073 1534 1202 1592 nebda«
1223 1533 1307 1606 magis

200 1625 265 1682 ism
283 1633 389 1701 petunt
408 1631 465 1680 etc.
508 1621 598 1684 Haesi
618 1623 651 1682 in
672 1621 718 1680 bis
739 1621 974 1702 interpretandis
993 1629 1024 1680 et
1044 1640 1091 1680 me
1104 1620 1136 1678 in
1149 1616 1307 1678 iishaerere

199 1707 325 1786 ingenue
340 1727 407 1768 sum
424 1707 584 1787 protessus.
627 1711 768 1788 Spectare
789 1707 868 1766 enim
888 1705 928 1765 ad
939 1707 1013 1766 boni
1026 1705 1205 1785 interpretis
1221 1714 1250 1762 et
1260 1702 1307 1760 cri-

200 1791 253 1852 tici
269 1793 367 1856 officia
388 1813 508 1868 carseo,
537 1812 570 1852 ea
591 1793 658 1854 loca
677 1814 754 1874 quae
774 1815 836 1853 nou
855 1793 927 1852 satis
947 1793 1114 1870 assequitur
1130 1811 1196 1850 non
1211 1789 1307 1848 intacta

200 1878 384 1958 relinquere,
411 1879 533 1957 aliisque
554 1879 692 1940 fraudem
712 1881 826 1956 tacere,
854 1878 939 1956 quasi
950 1897 1060 1937 sensus
1080 1897 1132 1958 per
1148 1895 1183 1934 se
1203 1877 1241 1934 sit
1252 1873 1308 1930 satis

201 1973 339 2044 apertus,
361 1963 414 2023 sed
427 1965 570 2024 lectorem
586 1965 623 2025 de
636 1967 672 2026 iis
684 1965 853 2046 diligentius
871 1963 960 2023 etiam
969 2009 977 2038 ,
1000 1962 1140 2042 quamde
1156 1963 1237 2036 aliis,
1255 1980 1308 2016 mo-

201 2069 282 2109 nere.
326 2051 469 2129 inspectis
489 2051 552 2110 aliis
571 2051 801 2132 interpretibus,
832 2069 888 2110 nec
907 2049 990 2110 aliud
1013 2049 1103 2128 quid,
1130 2067 1225 2126 quam
1243 2043 1308 2124 quod

200 2135 263 2214 ipse
283 2143 455 2208 tenueram,
478 2135 593 2214 afferri,
615 2137 807 2198 difficultates
827 2145 929 2195 autem
941 2134 1203 2216 interpretationis
1215 2131 1308 2190 multos

201 2239 240 2279 ne
255 2219 377 2280 sensisse
398 2220 520 2298 quidem
534 2222 606 2282 vidi.
650 2225 790 2282 Senserat
805 2241 870 2280 eam
886 2222 965 2281 forte
979 2222 1014 2296 is,
1033 2219 1086 2300 qui
1100 2219 1184 2300 apud
1200 2217 1308 2277 Gelliam

202 2303 265 2381 Vll,
282 2311 322 2370 17
337 2305 375 2366 tle
390 2307 512 2366 nodone
525 2307 608 2366 vocis
620 2307 763 2366 mosao
776 2306 807 2366 b.
821 2308 842 2366 l
854 2307 1026 2385 quaerebat.
1054 2306 1174 2364 Scilicet
1188 2304 1309 2364 sumitur,

203 2391 286 2470 quod
298 2391 393 2472 primo
408 2393 509 2451 statim
523 2391 667 2473 adspectu
681 2393 826 2452 occurrit:
845 2393 916 2452 inde
929 2413 946 2450 a
959 2393 1022 2458 395
1039 2391 1194 2472 praesagia
1215 2387 1310 2448 serni-

202 2477 274 2536 tatis
291 2477 460 2536 memorari.
509 2477 604 2557 Atqui
626 2499 677 2554 ea,
705 2499 781 2558 quae
807 2487 1028 2552 memorantur,
1059 2498 1121 2536 non
1140 2475 1309 2536 conveniunt

203 2561 276 2623 huic
290 2563 422 2638 consilio,
443 2563 534 2623 inimo
551 2583 625 2624 vero
640 2573 816 2644 repugnant
860 2566 970 2623 Sensus
983 2564 1062 2624 enim
1075 2585 1133 2622 vas.
1142 2559 1309 2628 395-400

203 2648 254 2708 bic
266 2669 328 2708 esse
346 2647 536 2729 perhibetur:
558 2649 711 2710 stellarum
723 2661 753 2710 et
766 2651 855 2710 lunae
870 2650 950 2708 clara
964 2669 999 2708 ac
1013 2669 1090 2728 pura
1104 2650 1159 2708 lux
1173 2659 1220 2706 est
1238 2645 1309 2726 (quat

204 2745 306 2794 tamen
321 2734 470 2794 sententia
483 2736 674 2814 grammatice
689 2755 728 2794 ex
741 2736 842 2796 verbis
856 2735 921 2794 arui
933 2735 1057 2812 nequit,
1080 2733 1228 2794 utstatim
1240 2729 1307 2790 side

203 2817 327 2902 bimus):
345 2841 405 2880 non
422 2821 586 2880 nubeculae
597 2821 672 2881 lanis
685 2821 793 2880 similes
808 2841 861 2902 per
875 2821 989 2880 caelum
1003 2821 1145 2879 seruntur
1158 2817 1253 2900 (atqui
1266 2815 1306 2872 bat

205 2905 306 2964 adesse
321 2905 479 2980 deberent,
502 2905 612 2986 quippe
627 2927 702 2984 quae
715 2916 787 2976 sunt
799 2907 895 2966 sereni
910 2906 982 2965 caeli
997 2903 1111 2987 nuntii)
1119 2950 1128 2980 ,
1149 2927 1209 2962 nora
1224 2903 1307 2979 alays

205 3011 257 3050 nes
273 2991 334 3050 alas
347 2992 386 3050 ad
400 2991 490 3051 solem
506 2991 684 3072 expandunt
702 2991 817 3074 (atqui,
840 2992 864 3050 si
877 2990 937 3052 boc
952 2993 1032 3052 inter
1043 2990 1196 3070 praesagia
1214 2985 1307 3047 sereni

206 3075 277 3135 tatis
289 3085 343 3152 est,
365 3077 426 3136 alas
441 3076 591 3137 debebant
603 3077 784 3158 expandere,
801 3098 870 3137 cum
885 3078 957 3137 caeli
971 3077 1113 3138 serenitas
1126 3073 1245 3155 instet),
1264 3091 1308 3128 ow

205 3181 271 3220 sues
285 3161 400 3221 iactant
411 3162 531 3244 frugum
543 3165 712 3244 manipulos
728 3161 780 3246 (an
792 3183 866 3223 vero
883 3182 937 3243 per
959 3183 1047 3222 omne
1059 3173 1177 3242 tempus
1189 3159 1310 3242 plurium

204 3245 238 3306 id
251 3247 367 3306 faciunt
380 3266 446 3306 sues
454 3292 463 3324 ,
484 3268 541 3308 nec
554 3249 611 3308 nisi
627 3269 732 3310 sereno
749 3251 830 3310 caelo
843 3247 903 3308 boc
914 3249 1012 3308 secere
1027 3245 1217 3328 omittuntl).
1244 3244 1308 3303 Haec

205 3341 269 3394 tam
280 3351 387 3412 parum
398 3333 477 3392 inter
490 3353 521 3393 se
536 3335 735 3412 conveniunt,
757 3335 858 3395 utrix
869 3333 1050 3413 assequaris,
1072 3331 1222 3413 quomodo
1236 3337 1308 3410 poeta

206 3429 269 3478 tam
285 3428 391 3478 acutus
404 3418 524 3497 iungere
542 3439 577 3479 ea
588 3421 667 3480 inter
681 3440 729 3496 se,
752 3431 805 3482 aut
823 3421 1003 3500 interpretes
1018 3439 1052 3478 ea
1068 3429 1211 3498 tanquam
1227 3435 1275 3496 per
1285 3427 1308 3468 se

205 3504 295 3584 plana
308 3512 339 3562 et
352 3503 492 3582 expedita
513 3505 672 3566 admittere
685 3506 850 3585 potuerint.
884 3505 927 3564 De
940 3505 1156 3586 posterioribus
1176 3495 1307 3562 nihilndi

206 3589 369 3650 monitum:
390 3587 487 3648 haesit
501 3589 664 3670 disputatio
677 3601 798 3652 tantum
812 3591 844 3650 in
857 3591 1026 3672 prioribus,
1048 3593 1139 3650 Nom
1156 3609 1246 3668 neque
1259 3599 1307 3642 tw

206 3677 298 3734 stelin
311 3677 391 3734 acies
404 3673 508 3734 obem
520 3675 652 3736 ridetur.-
677 3677 761 3758 quod
772 3685 872 3759 potest
885 3678 960 3736 bene
972 3677 1017 3738 ita
1027 3677 1136 3756 accipi:
1150 3677 1238 3734 aciem
1249 3667 1306 3728 stel-

190 3759 305 3820 -larum
326 3779 408 3820 nunc
427 3782 490 3819 non
510 3761 637 3842 amplius
655 3763 752 3824 videri
774 3782 836 3822 esse
858 3763 995 3824 obtusam
1001 3785 1011 3838 ;
1040 3763 1172 3840 adeoque
1187 3779 1247 3818 eam
1259 3769 1306 3812 &tt

207 3845 334 3920 claram,
357 3855 388 3904 et
400 3847 499 3905 stellas
520 3847 695 3926 enitescere,
716 3849 749 3909 id
765 3847 848 3930 quod
861 3849 897 3908 fit
920 3848 1059 3930 dispulsis
1073 3847 1199 3907 nubibus
1211 3853 1239 3902 et
1249 3835 1304 3899 aet

207 3933 365 3992 serenitate
383 3931 519 3991 reducta.
561 3931 604 3991 At
625 3935 704 3994 enim
721 3935 801 3996 alter
818 3955 939 3996 versus:
963 3935 1033 3992 Nee
1044 3933 1155 4012 scavis
1166 3929 1255 3990 rodeis
1265 3923 1304 3981 al*

207 4021 300 4075 noxio
314 4037 434 4095 surgere
448 4021 559 4092 Luna,
583 4019 669 4079 nullo
680 4019 772 4080 modo
792 4040 848 4080 nee
859 4020 1066 4100 grammatice,
1089 4037 1143 4078 nec
1157 4035 1252 4074 senem
1262 4029 1304 4089 pt-

207 4101 297 4158 ritate
320 4102 469 4162 convenit
512 4101 646 4182 Antiqua
669 4105 811 4171 iunctura
827 4105 942 4166 tradita
955 4114 1000 4164 est
1020 4103 1168 4177 aSmio,
1188 4109 1222 4160 ut
1234 4113 1303 4174 rett-

208 4192 293 4243 tatur
318 4186 433 4245 obtusa.
478 4188 525 4246 Ita
546 4188 618 4248 erit:
639 4211 694 4250 nec
707 4193 801 4252 Luna
809 4236 818 4268 ,
846 4191 953 4270 smtns
973 4189 1068 4249 redis
1087 4187 1224 4258 οόιιοειὶι,
1243 4195 1301 4258 qtt‘

207 4269 306 4328 lucem
318 4279 476 4332 mutuatur
497 4293 514 4330 a
533 4273 612 4350 sols,
634 4277 751 4334 vallem:
761 4295 881 4355 surgere
892 4276 1016 4336 οὸιιιεαε
1039 4283 1139 4334 centn
1153 4290 1220 4330 vero
1233 4263 1301 4324 vidt-

208 4362 262 4412 tur
276 4354 349 4414 oriri
362 4355 451 4416 clara.
473 4359 573 4418 Recte.
617 4358 659 4419 At
672 4361 752 4422 enim
764 4363 862 4442 prima
875 4363 994 4422 videtur
1003 4359 1061 4419 alio
1072 4357 1159 4418 modo
1171 4371 1245 4414 nunc
1260 4367 1300 4406 sc-

209 4437 320 4515 cipitur
334 4457 424 4516 quam
448 4444 603 4524 superiore
617 4465 725 4524 versu,
747 4447 801 4510 ubi
814 4457 878 4508 erat
888 4467 946 4529 pro
960 4449 1106 4520 camno,
1128 4459 1204 4502 nuuc
1217 4443 1300 4494 autw
