2758 4990
204 353 281 426 690
385 348 427 421 P.
459 343 592 420 VIRG.
620 342 743 418 Mitt.
767 339 1068 419 GEORG.L1B.
1094 344 1146 418 lv

204 535 269 588 mihi
297 551 329 586 ex
353 529 458 600 entique
481 528 676 582 necessitudine
700 539 728 582 et
751 527 889 600 disciplina
910 548 968 582 rnen
993 532 1107 596 debent,
1135 532 1188 604 ipse
1208 533 1300 584 viduit!

206 607 306 674 (Quare
318 603 397 672 igitur
411 601 460 652 hos
481 599 590 652 ultimos
612 609 725 668 quotuor
744 599 886 652 versiculos
899 601 1068 652 obiiciemusl
1090 619 1136 667 sn,
1153 603 1218 672 quod
1228 603 1302 655 critico

205 673 361 726 suetoritnte
384 669 582 722 destituuntur?
610 687 659 735 su,
690 669 761 738 qnod
780 669 883 740 inepti?
907 688 955 736 sn,
978 671 1051 738 quod
1068 689 1121 722 non
1138 673 1197 724 sutis
1214 673 1303 724 latini?

204 749 257 796 Aut
277 760 327 812 ego
347 739 482 806 caecutio,
507 748 551 790 sut
563 738 632 790 nihil
651 747 693 790 est
712 739 741 790 in
753 737 796 791 luis
808 757 870 804 res,
894 739 964 808 quod
975 757 1030 791 non
1045 742 1227 793 decernentem
1239 743 1304 792 ldm-

204 825 317 866 tunnnm.
350 814 387 863 At
410 809 496 872 enim,
520 809 544 860 si
565 807 667 878 priores
696 817 809 878 quotuor
828 827 879 860 uss.
900 809 952 863 5⁵9
964 837 996 852 ·-
1008 811 1054 864 62
1074 811 1176 880 genuini
1193 821 1259 874 sunt,
1277 830 1303 862 ne

204 891 315 954 possunt
349 879 435 932 uidem
449 877 593 930 desiderari
606 895 658 930 vss.
678 877 739 932 568.
751 895 823 948 sqq.;
847 888 906 942 sut,
930 877 953 930 si
964 897 1042 930 versu
1054 881 1115 934 562
1127 899 1220 932 osrmen
1234 880 1304 931 iniis-

204 963 245 1004 set
263 899 405 1019 Yirgdius,
430 947 609 1018 ineptissimus
629 957 700 999 esset
722 949 836 1000 omnium
876 957 1007 1013 osterum,
1048 960 1114 1018 quot
1129 961 1185 1000 sunt
1203 961 1243 1000 sut
1258 950 1305 1002 eliis

205 1031 282 1073 erunt
301 1021 329 1071 in
349 1017 432 1072 unuh.
467 1023 551 1088 Atque
571 1017 632 1086 ipss
651 1015 767 1068 Genitivi
789 1018 830 1069 ots'
858 1035 945 1082 ormn,
968 1017 1042 1088 quod
1061 1019 1127 1070 vidit
1149 1020 1303 1087 sagacissimus

204 1091 374 1144 Weiclrsrtus
387 1089 496 1140 Dissert.
513 1087 548 1138 de
566 1085 697 1139 Versibus
708 1089 813 1138 iniuria
826 1089 959 1158 suspectis
972 1105 1035 1158 psg.
1053 1091 1120 1150 148.Ι
1141 1090 1240 1158 probet,
1255 1100 1305 1138 rute

204 1159 365 1212 senescentis
387 1156 497 1226 Augusti
516 1165 629 1208 setstem
647 1156 713 1208 lines
726 1173 784 1206 esse
804 1156 958 1226 compositu.
981 1185 1017 1200 ·-
1051 1158 1119 1209 Illud
1141 1175 1197 1210 rero
1212 1157 1304 1209 suimum

204 1249 258 1283 non
272 1228 415 1282 advertisse
437 1229 597 1296 interpretes
617 1224 735 1290 mireris,
759 1224 829 1293 quod
853 1225 918 1276 hoec
933 1225 1005 1294 ipsa:
1026 1229 1207 1296 „lineosupm
1221 1244 1303 1277 erro-

117 1304 129 1324 ''
205 1317 276 1352 rum
299 1299 370 1350 cultu
400 1313 615 1368 pecorumque
633 1294 773 1358 osnebnm,
806 1296 936 1364 Etsuper
961 1297 1170 1358 arboribus,
1198 1297 1304 1346 Gnessr

204 1369 303 1421 dum“
321 1379 372 1420 eto.
389 1377 506 1418 evertunt
517 1365 649 1433 vulgarem
669 1365 702 1414 de
722 1374 856 1432 ternpore,
878 1381 930 1432 quo
944 1365 1080 1434 Geor-gion
1091 1365 1216 1436 scripserit
1229 1365 1303 1431 Vrrpi-

205 1440 274 1501 lius,
297 1455 313 1490 ο
334 1437 456 1489 inionem.
491 1435 586 1488 Putant
604 1433 673 1484 enim
690 1443 793 1502 septem
818 1450 915 1495 nonos,
938 1435 992 1490 717
1007 1436 1131 1499 -72s,
1149 1436 1204 1486 hnic
1219 1433 1304 1485 esrniui

205 1459 350 1560 scribendo
358 1516 466 1576 poetam
479 1503 647 1572 impendisse.
683 1504 805 1568 Magnum
824 1520 886 1553 esne
901 1504 1032 1570 spatium!
1057 1506 1114 1568 sed,
1131 1503 1303 1574 siipsumsudis

204 1577 359 1659 Virqllium,
376 1575 447 1628 intrn
462 1589 544 1625 sonos
556 1571 699 1628 trs-25.
712 1581 797 1622 totum
816 1588 882 1652 opus
907 1573 1060 1627 absolutum
1080 1593 1136 1626 esse
1155 1574 1200 1625 tihi
1215 1591 1301 1644 persor-

205 1647 289 1698 debrs.
324 1647 419 1714 Neque
434 1642 626 1712 estquidqunm
641 1641 742 1708 inipso
760 1657 887 1706 carmine,
906 1643 978 1710 qnod
991 1644 1057 1698 huic
1070 1645 1184 1714 opinioni
1192 1651 1302 1712 repugnet,

204 1734 238 1768 ne
251 1719 300 1768 Ge.
313 1718 334 1780 1,
352 1714 412 1769 50⁵.
428 1731 485 1782 sqq.
501 1711 543 1763 vel
557 1713 589 1774 ll,
608 1713 666 1766 171.
679 1727 719 1780 sq.
734 1709 847 1778 quidem.
882 1711 1074 1766 Gravissimum
1087 1715 1122 1765 nd
1135 1712 1301 1766 confirmndnu

205 1803 289 1838 meum
311 1783 467 1836 sententium
485 1781 547 1833 inde
567 1779 670 1832 secedit
691 1779 810 1848 pondus,
834 1781 905 1848 quod
924 1783 1071 1836 seeundum
1085 1783 1176 1836 librum
1195 1793 1301 1852 postremo

204 1855 475 1917 lococonrmemornt,
492 1862 584 1932 qunrto
596 1849 675 1918 plone
687 1849 792 1900 omisso.
829 1849 907 1912 Quod
920 1851 1019 1921 siquis
1037 1865 1160 1924 qnsernt,
1175 1849 1300 1921 postulio-

204 1925 274 1976 intes
286 1923 398 1991 Bologns
418 1931 479 1972 sote
498 1929 605 1989 rncsptn
626 1918 757 1986 Georgius
777 1916 840 1986 quid
858 1935 945 1970 rernm
964 1923 1058 1991 egerit
1076 1921 1210 1991 Virgilius,
1230 1919 1266 1982 id,
1279 1927 1300 1966 st

204 1993 285 2046 mults
298 1993 326 2044 id
339 2007 421 2060 genus
432 1989 494 2056 slis,
512 1989 662 2058 ignornmns
673 2004 828 2057 semperque
841 1987 1035 2056 ignornbimus.
1058 1995 1131 2061 Wr.)

203 2131 367 2192 busodrsue
383 2134 493 2210 coeptis
506 2131 559 2190 Ge.
576 2130 601 2206 I,
616 2129 669 2206 40,
682 2150 744 2190 non
785 2129 858 2205 bnt,
887 2131 1023 2192 alterum
1044 2132 1173 2208 humile,
1200 2131 1294 2191 sltuurn

203 2218 288 2298 quod
307 2217 446 2276 carminis
469 2236 562 2296 genus
582 2217 642 2275 tole
659 2224 743 2288 osset,
787 2216 958 2296 sublimius,
981 2229 1023 2277 nt
1036 2219 1102 2280 Eol.
1122 2219 1169 2278 lv.
1184 2219 1221 2288 Vl,
1238 2233 1293 2272 sen·

203 2303 288 2383 quod
318 2321 441 2382 magnos
473 2323 562 2363 ausus
596 2310 744 2381 posceret.
786 2311 832 2376 te,
872 2297 955 2380 quod
977 2305 1016 2364 in
1039 2310 1084 2367 eoi
1101 2305 1197 2364 aridus
1211 2297 1291 2370 husin

204 2391 307 2452 'l'enuo
336 2390 414 2448 enim
439 2408 532 2468 genus
555 2397 600 2447 est
626 2386 745 2447 bucoli-
787 2396 820 2445 nt
842 2387 992 2448 sententia
1014 2370 1110 2450 huius
1131 2409 1218 2452 versu
1235 2405 1292 2463 qut·

205 2497 283 2536 cum.
326 2475 539 2536 Cnstelvetrius
566 2473 656 2552 Opsr.
678 2472 746 2532 cri·
787 2471 879 2532 modo
904 2474 937 2532 in
953 2475 1150 2538 eastelveoti
1165 2473 1294 2558 opinionem

204 2564 256 2622 tio.
272 2584 302 2643 p.
322 2561 393 2638 154,
414 2569 555 2622 monente
568 2559 682 2634 Burm,
706 2557 747 2616 nd
787 2558 881 2638 redigi
898 2561 1016 2638 possit,
1046 2563 1181 2643 equidem
1202 2556 1294 2620 nonii·

205 2649 267 2708 duo
295 2667 403 2727 genens
430 2647 607 2726 Eclogsrum
634 2643 747 2704 relere-
789 2643 855 2702 deo.
