2758 4990
159 325 235 398 696
510 315 836 445 EllCURSUS
874 317 930 390 III

157 529 249 589 regno
274 507 407 569 dirersas
434 509 626 588 provintias,
654 507 812 587 regiones,
844 517 977 584 tractus,
1006 529 1063 588 ρει·
1091 529 1298 572 cavernam

157 595 314 656 vastitates
339 603 494 674 patentes;
528 602 559 652 et
591 594 672 654 inter
698 592 754 654 has
783 603 859 674 puta
892 596 981 654 titisse
1009 615 1172 655 cavernam
1201 599 1296 666 illam,

157 701 248 761 quam
268 681 392 742 tenebat
411 681 535 740 Peneus.

435 933 889 1012 EXCURSUS
942 933 1001 1008 111

156 1119 213 1182 Da
236 1119 402 1206 'Isionis
433 1127 523 1182 roto
557 1117 610 1181 nd
635 1117 795 1203 Orphei
819 1126 985 1180 cantum
1018 1097 1284 1187 subsistente.

228 1265 335 1344 Georg.
348 1265 397 1340 IV,
406 1261 469 1330 484
477 1267 576 1346 Atque
589 1266 705 1323 Ixionii
716 1275 802 1322 cento
811 1275 877 1322 mla
889 1267 1023 1324 concutit
1032 1265 1120 1324 ortis.
1149 1266 1282 1326 vexatus

155 1349 248 1411 locus.
270 1353 401 1410 ·Sensus
421 1369 475 1430 per
495 1370 526 1410 se
541 1359 663 1430 apertus
683 1358 742 1407 est:
765 1349 875 1408 Ixionis
894 1359 995 1409 rotam
1018 1351 1202 1428 substitisse,
1230 1353 1286 1412 sed

155 1435 312 1496 haeremus
326 1438 358 1498 in
379 1437 494 1512 verbio,
521 1437 632 1516 partim
653 1444 778 1514 propter
794 1453 883 1494 suurn
906 1435 1074 1495 verborum
1088 1439 1241 1518 tropicum
1255 1451 1286 1498 et

154 1522 320 1599 incertum
341 1523 449 1602 partius
463 1522 650 1602 ignoratione
664 1519 776 1600 mythi,
798 1521 890 1580 variis
906 1521 1004 1582 modis
1019 1543 1036 1580 a
1049 1525 1150 1602 poetis
1168 1527 1284 1584 narrari

155 1617 187 1668 et
207 1609 309 1668 ornari
333 1607 423 1668 soliti.
467 1611 606 1668 latoniae
626 1619 707 1666 solae
729 1607 778 1666 alii
799 1616 905 1686 poetae
925 1609 1089 1684 turbinem,
1122 1619 1160 1669 ut
1177 1613 1283 1670 &neos

154 1693 244 1754 Herc.
260 1694 328 1754 Oet.
343 1697 436 1768 1069,
448 1697 589 1768 vomices,
611 1701 648 1752 ut
663 1693 777 1752 Statius
792 1691 886 1752 Tlreb.
900 1693 976 1770 VIII,
992 1695 1043 1759 50.
1057 1697 1112 1768 51,
1126 1697 1280 1773 tribuunt,

154 1793 276 1839 centron
298 1799 387 1839 tremo
407 1779 528 1854 tribuit,
550 1789 586 1838 ut
609 1797 647 1838 na
667 1799 777 1837 cavam
795 1779 933 1856 quidem,
956 1800 1031 1858 quae
1043 1784 1198 1843 rotationi
1212 1805 1276 1863 pro-

153 1865 220 1946 prie
241 1865 376 1924 daretur.
419 1867 533 1926 Ventus
553 1873 655 1924 autem
680 1865 729 1924 vel
754 1885 771 1922 a
792 1875 862 1923 rota
887 1877 989 1926 motus
1008 1884 1071 1924 esee
1093 1867 1208 1944 debet,
1235 1871 1276 1928 rel

154 1971 257 2012 mussa
271 1971 335 2010 esse
351 1958 437 2010 rotae
455 1961 564 2011 motae.
607 1952 670 2009 lam
683 1961 783 2010 autern
800 1963 897 2009 rotam
916 1952 1154 2030 ventumsocm
1163 2001 1173 2030 ,
1199 1977 1280 2016 neoto

151 2037 236 2096 sacile
254 2036 379 2110 dixerit,
404 2055 458 2094 nec
479 2045 605 2095 ventum
619 2045 703 2096 rotae
718 2037 874 2111 tribuerit,
897 2038 954 2096 etsi
968 2057 1025 2117 per
1040 2050 1169 2100 sarecto
1183 2041 1282 2118 fieret,

151 2139 221 2181 nam
234 2131 321 2182 motu
335 2141 391 2180 suo
403 2121 487 2180 haud
502 2122 592 2182 dubie
607 2133 676 2182 rota
689 2141 788 2180 aerem
805 2122 930 2201 impellit
946 2133 1116 2184 otrentum
1132 2125 1282 2188 lsactenm

151 2217 263 2268 movet.
305 2207 402 2267 Possis
423 2225 542 2286 quoque
564 2206 626 2266 lsuc
644 2227 755 2267 vocare
770 2207 918 2288 Propertii
937 2209 1017 2269 illud
1034 2210 1080 2282 IV,
1097 2215 1146 2285 11,
1160 2215 1202 2275 28
1224 2227 1280 2270 ra-

150 2305 216 2352 cent
235 2295 351 2354 Ixs'ono's
371 2291 467 2366 ordea,
490 2313 565 2372 quos
579 2293 810 2353 conoltaussimo
828 2313 883 2372 par
895 2313 996 2354 serem
1019 2305 1103 2356 motu
1116 2297 1275 2376 strepitum

150 2381 247 2440 lacera
259 2380 381 2440 credere
392 2377 469 2439 lieet.
512 2380 623 2440 Verum
636 2381 706 2439 usu
719 2389 751 2440 at
765 2381 863 2439 sensui
877 2379 996 2459 poetico
1010 2393 1163 2461 repugnat,
1176 2385 1273 2442 nescio

150 2485 211 2545 quo
226 2465 330 2542 modo,
352 2473 462 2526 ventus
478 2475 576 2526 arota
589 2475 698 2525 motus.
742 2467 846 2525 llestat
861 2467 965 2545 itaque
979 2467 1125 2543 alterum,
1153 2479 1191 2529 ut
1201 2489 1277 2529 ron·
1377 2469 1378 2482 ¹

150 2561 201 2612 tus
216 2574 327 2612 amasso
339 2563 436 2610 naonis
455 2551 506 2624 sit,
530 2561 624 2629 utque
633 2551 745 2629 aliquid
758 2561 916 2612 narratum
930 2553 1019 2612 fuerit
1032 2554 1072 2612 do
1087 2567 1178 2615 motu
1194 2567 1272 2614 rotas

150 2638 284 2697 brioniae
310 2655 349 2696 ex
366 2635 449 2698 venti
473 2637 613 2718 impulsu.
663 2637 756 2710 Quod
787 2638 810 2696 si
835 2639 925 2716 plura
947 2647 1110 2714 veterum,
1144 2641 1267 2720 inprimis

151 2725 352 2798 Graecorum,
377 2732 535 2802 poetarum
553 2723 618 2782 loca
637 2721 695 2782 hac
711 2723 749 2781 de
766 2743 799 2782 τε
816 2722 1011 2800 haberemus,
1033 2745 1065 2783 v.
1081 2747 1108 2784 c„
1128 2726 1267 2807 Euripidis

150 2809 284 2868 Ixionem
304 2805 389 2890 (nam
411 2818 442 2868 et
460 2808 485 2867 is
506 2829 574 2868 aum
595 2819 678 2868 rotae
699 2809 852 2884 affixerat,
890 2815 932 2894 spi
964 2815 1062 2891 τροχῷ
1081 2817 1266 2892 ττροςηὶτῐσττ

149 2896 248 2955 fertur
257 2895 340 2975 apud
352 2893 504 2954 Plutarch.
518 2894 556 2954 de
570 2895 623 2974 leg.
641 2905 719 2974 poet.
736 2915 800 2974 cap.
812 2893 833 2958 4
849 2895 927 2975 opp.
939 2896 965 2953 Τ
966 2917 1025 2955 om.
1038 2896 1075 2971 ll,
1090 2918 1155 2975 pag.
1166 2903 1203 2961 19
1214 2897 1262 2978 E),

150 2982 277 3042 certiora
297 3001 352 3040 nos
364 2979 453 3041 huius
464 2982 507 3040 roi
528 2991 703 3060 argumenta
721 2980 880 3042 habituros
899 3001 960 3040 esse
974 2979 1058 3042 haud
1072 2983 1193 3058 dubito,
1213 3003 1264 3042 oo-

148 3087 223 3127 vum
235 3077 301 3126 erat
313 3075 343 3125 et
360 3067 437 3126 illud
450 3067 502 3126 Ge.
516 3065 566 3142 Ill,
580 3071 620 3132 38
632 3080 721 3126 tonos
734 3071 850 3126 Ixionis
864 3089 982 3146 angues
990 3091 1002 3140 ,·
1032 3079 1163 3148 potuere
1175 3071 1267 3148 itaque

148 3153 236 3212 etiarn
251 3153 335 3213 venti
355 3153 472 3232 aliquae
488 3161 589 3232 partes
616 3172 677 3211 essa
696 3153 778 3212 eain
798 3171 840 3214 re.
882 3154 948 3214 Iltsi
969 3153 1049 3212 anim
1064 3153 1148 3214 Iliad.
1162 3164 1196 3230 θ,
1212 3157 1268 3219 181

153 3243 296 3299 Tartarus
310 3242 373 3298 saise
388 3251 475 3298 vento
489 3257 551 3296 esse
564 3249 763 3298 memoratur:
778 3239 831 3298 ubi
843 3241 965 3298 Titanes
978 3233 1048 3302 οὔτ’
1059 3234 1160 3324 τῦγῇς
1170 3240 1273 3320 sinapl·

148 3349 219 3399 ονος
248 3319 364 3406 ηἐΜοιο
397 3319 549 3406 11ρποντ’
581 3319 651 3387 οὔτ’
678 3319 831 3402 ἆνέμοτσις
859 3325 960 3406 potuit
979 3335 1080 3384 minen
1093 3345 1143 3384 rea
1161 3328 1274 3388 variari
1375 3335 1376 3376 l

147 3413 185 3470 ab
201 3411 274 3471 aliis.
316 3411 362 3469 lta
375 3411 474 3470 ventis
489 3431 550 3470 non
565 3421 655 3470 raoat
669 3413 813 3470 Tartarus
832 3411 913 3490 apud
925 3411 1044 3470 Platon.
1059 3409 1173 3472 Phaet
1188 3435 1218 3494 p.
1233 3417 1273 3478 83

147 3499 179 3556 G.
193 3497 266 3572 Frf,
288 3497 363 3556 etin
376 3497 440 3576 ipso
454 3497 586 3556 Homero
605 3497 712 3577 Odyss.
726 3501 757 3572 l,
780 3498 852 3562 590.
867 3499 947 3572 591,
970 3497 1023 3557 ubi
1042 3498 1171 3558 Tantalo
1185 3519 1274 3579 poam

147 3591 287 3662 captante
313 3578 372 3657 Tala
391 3576 424 3644 δ’
441 3578 554 3660 ἄνεμος
575 3584 718 3660 ῥίπτασκε
740 3581 810 3648 ssosi
826 3581 921 3659 νέφεα
936 3577 1086 3646 σκιόεντα.
1131 3585 1224 3644 Venti
1243 3587 1273 3644 ia

145 3669 261 3748 Elysio:
284 3667 357 3728 Aen.
376 3667 425 3742 Vl,
447 3667 511 3731 740
534 3677 565 3726 et
587 3671 649 3732 888
671 3672 750 3728 aeria
767 3673 800 3726 s'n
812 3671 949 3746 caanps'a,
974 3679 1011 3728 ut
1030 3669 1063 3728 in
1077 3670 1167 3731 Pind.
1188 3671 1269 3732 0t11

148 3759 209 3820 128
221 3755 255 3814 in
265 3754 368 3814 insulis
380 3755 551 3813 fortunatis.
595 3755 620 3812 Δ
633 3763 725 3812 venito
739 3763 820 3812 oerte
831 3773 933 3812 caussa
947 3775 1008 3814 non
1021 3755 1100 3814 male
1112 3760 1269 3837 repetitur,
1374 3771 1375 3776 ¹

145 3851 181 3900 ut
197 3841 234 3899 ab
249 3859 284 3899 eo
304 3840 474 3920 impellatur
484 3850 569 3914 rota,
591 3859 660 3898 oum
674 3842 852 3899 circumacta
865 3839 999 3900 Ixionem
1014 3841 1170 3920 alligatum
1181 3855 1266 3914 rotat,
1374 3839 1375 3872 l

145 3937 239 4004 utque
251 3945 286 3984 eo
300 3935 433 3984 cessante
446 3935 515 3984 rota
527 3935 606 3985 stare
620 3926 727 4005 possit:
749 3925 840 3986 modo
854 3925 914 3982 alus
927 3937 1013 3986 rotae
1028 3926 1152 3986 additas
1164 3932 1268 4010 cogitas
1374 3927 1375 3931 ’

145 4012 185 4071 ad
208 4021 333 4071 ventum
357 4011 583 4090 excipiendum:
614 4029 673 4089 qua
696 4011 734 4070 do
755 4031 787 4070 re
809 4012 841 4070 in
856 4010 963 4089 mytho
978 4013 1019 4070 nil
1042 4017 1191 4074 occurrit
1234 4019 1267 4072 ln

144 4120 211 4157 aere
231 4109 299 4156 rota
319 4097 479 4176 circumagi
499 4097 623 4170 debuit,
654 4103 685 4156 et
707 4097 843 4176 proxima
866 4097 995 4172 accedit,
1023 4099 1110 4175 quod
1122 4100 1262 4180 Euripidis

144 4183 320 4244 Scholiastes
342 4183 453 4243 Phoen.
477 4187 559 4248 1192
585 4179 777 4242 hauddubie
799 4201 815 4240 a
835 4184 1000 4244 vetustiora
1027 4185 1133 4262 aliquo
1152 4197 1260 4246 aunon

143 4271 308 4345 memorat,
336 4270 439 4330 Iovem
462 4269 573 4328 iratum
595 4269 728 4328 Ixionem
748 4279 832 4328 rotas
856 4269 1001 4347 illigatum
1021 4273 1190 4350 permisisse
1209 4269 1260 4327 aeri
1373 4285 1374 4297 ¹

141 4355 308 4430 serendum,
329 4356 404 4414 etin
418 4373 486 4413 aere
499 4354 775 4432 circumagendam:
798 4349 954 4436 ὀργισθεὶς
962 4354 994 4418 81
1008 4357 1028 4419 o‘
1042 4355 1121 4430 Zsa'c
1138 4355 1262 4420 risoni-

141 4457 185 4523 ρρ)
199 4443 297 4524 τροχῷ
309 4435 484 4515 τόνἺξίονα
499 4434 595 4520 δήσας
606 4433 709 4520 ἀφῆκε
723 4443 766 4523 τῷ
777 4435 846 4522 ailps
855 4441 1005 4522 φέρεσθαι
1011 4475 1064 4502 -.
1073 4443 1265 4524 Exomipsisse
