2656 5008
240 411 316 486 AD
344 401 886 488 GEORGIGONLIB.1
1051 413 1126 494 38²!

24 602 91 664 laud
108 611 255 682 spectant.
305 601 372 662 Non
391 600 456 660 sine
474 600 576 660 fructu
594 599 757 679 inspexeris
778 596 820 658 ad
838 598 869 660 h.
889 601 909 660 l.
926 600 1023 662 Vossii
1044 601 1079 664 V.
1095 605 1127 666 C.

23 693 205 748 Commentar.
218 687 251 748 in
267 683 431 770 Georgica.)
476 681 576 766 (Quas
599 685 693 756 luerit
706 685 800 756 matri
814 705 832 743 a
845 685 967 766 Virgilio
986 689 1128 770 dssm'rpti
1199 729 1202 736 ·

23 777 116 849 torma,
138 794 234 852 quum
247 773 388 853 imagines
403 780 541 832 veterum
554 779 741 848 aratrorum,
764 790 840 850 quae
857 771 890 831 in
903 773 976 832 aas
988 775 1127 856 operibus

22 859 155 919 exhibitae
176 867 314 934 munt,
335 879 399 918 non
415 857 505 938 plane
528 877 597 916 cum
616 856 667 918 illa
679 857 833 936 virgiliani
850 859 944 920 arani
955 861 1126 922 conforma.

22 947 86 1005 ione
99 955 284 1024 congruant,
307 941 504 1004 coniectando
522 943 639 1022 assequi
652 943 837 1004 sorduerunt
846 942 911 1002 Viri
924 944 1020 1007 Docti.
1062 948 1126 1008 Ita-

22 1052 65 1109 que
81 1039 117 1092 ut
139 1031 241 1109 aliqua
261 1029 424 1111 probabilis
445 1029 508 1088 eius
527 1029 636 1110 species
654 1029 747 1090 oeulis
767 1029 927 1108 legentium
939 1031 1125 1112 obiiceretur,

21 1119 67 1176 reri
77 1116 271 1176 insidendam
288 1115 392 1178 curavi
413 1123 480 1174 tum
500 1133 565 1174 eam
581 1115 674 1176 aratri
693 1115 834 1190 sormam,
856 1135 946 1192 quam
963 1117 1037 1185 1.1{.
1050 1119 1126 1180 Vos-

20 1203 66 1262 sius
76 1203 116 1262 ad
126 1202 159 1263 h.
171 1203 192 1262 l
206 1195 379 1284 proposuit,
401 1209 468 1260 tum
481 1220 556 1278 eam,
578 1220 668 1280 quam
681 1201 714 1262 F.
728 1199 785 1262 Th.
797 1199 907 1260 Schulr
920 1202 1081 1264 delineavit
1093 1206 1127 1266 in

19 1287 100 1348 libello
114 1289 216 1348 bonae
228 1289 322 1369 frugis
334 1285 522 1368 planissimo,
544 1287 593 1346 cui
603 1286 783 1368 inscriptum
797 1295 855 1347 est:
877 1289 928 1346 Da
941 1290 1046 1350 Λωω·
1059 1293 1127 1350 Ro-

19 1380 87 1433 mani
104 1375 213 1453 somus
238 1385 267 1434 et
287 1375 509 1454 compositione.
541 1375 746 1438 Ienae1820·
768 1375 797 1438 8.
839 1373 883 1432 De
901 1376 1045 1456 aareqm'
1056 1385 1127 1456 post

20 1459 140 1522 t'osrium
155 1459 357 1540 scripserrmt,
378 1468 593 1520 commemorat
605 1457 686 1518 idem
698 1455 854 1518 Schulzius
870 1479 936 1540 pag.
951 1465 997 1538 3.;
1018 1463 1127 1541 quibua

17 1545 80 1605 addo
93 1546 222 1606 Amdtii
235 1545 427 1606 itinerarium
440 1543 648 1604 Bmchatiioke
662 1565 720 1604 aus
737 1547 818 1604 enter
832 1546 922 1604 Reice
935 1547 1029 1606 durh
1042 1552 1128 1608 emm

21 1631 93 1690 Theil
112 1633 243 1692 Italicae
263 1631 329 1692 Vol
350 1631 374 1691 l
396 1651 461 1710 pag.
483 1631 556 1696 253.
597 1629 634 1690 In
658 1649 707 1705 ca,
730 1649 818 1708 quam
840 1629 962 1692 Vossius
980 1631 1126 1712 exhibuit,

17 1718 95 1778 astri
107 1717 266 1796 virgiliani
278 1717 377 1777 torma
389 1716 467 1776 duaa
479 1715 609 1776 manime
620 1734 669 1774 ros
684 1715 850 1796 displicent,
870 1737 912 1778 ro
920 1727 996 1796 tae,
1019 1720 1126 1798 quibus

16 1803 130 1864 aruisse
152 1803 205 1864 illo
226 1813 362 1882 tempore
380 1811 515 1862 aratrum
536 1801 720 1877 Romanum,
742 1811 808 1862 tmn
819 1801 972 1866 silentium
989 1814 1127 1868 vatorum

17 1889 188 1968 scriptorum
208 1889 339 1970 probat,
365 1897 432 1948 tum
450 1887 618 1948 certissimis
641 1887 810 1948 rationibus
836 1888 947 1950 evincit
970 1891 1127 1954 Schulzius

14 1993 64 2052 pag.
79 1974 131 2040 34.
154 1995 219 2056 sqq.
262 1975 339 2034 Nam
358 1973 446 2034 Plinii
472 1973 581 2034 verba·
594 1973 632 2034 ab
652 1971 769 2054 Haynic
790 1974 879 2034 allata
905 1995 962 2037 nec
984 1979 1126 2058 probant,

14 2057 112 2138 Virgilii
131 2061 195 2120 iam
222 2069 321 2120 aetate
343 2059 473 2120 adiectas
491 2059 581 2120 suaso
601 2067 686 2118 rotas
703 2068 822 2136 aratro,
857 2070 887 2121 et
909 2073 1052 2144 corrupta
1076 2066 1126 2126 vi-

14 2143 63 2204 deri
80 2155 228 2226 possum,
257 2154 294 2206 ut
316 2145 381 2206 visa
398 2153 471 2206 sumt
486 2142 699 2224 Richtsteigio,
725 2165 815 2224 quem
835 2145 943 2210 laudat
961 2147 1125 2213 Schuztm

11 2229 157 2292 Praeterea
182 2233 215 2292 in
237 2231 383 2294 Vossiana
408 2229 623 2310 descriptione,
657 2229 732 2310 quid
755 2231 797 2292 ait
819 2232 934 2311 duplex
959 2235 1125 2314 doraum,

12 2335 59 2412 aon
85 2327 224 2487 .·rpl};tare)t¹
267 2317 373 2398 ltaque
391 2316 528 2397 proxime
553 2315 593 2375 ad
617 2333 725 2378 venam
746 2318 900 2378 acmssissc
921 2329 999 2400 puto
1016 2321 1125 2384 Schul-

11 2419 83 2464 aum.
162 2427 188 2463 r.

309 2621 537 2684 Aratrum
571 2623 838 2708 Romanurn!

455 2763 517 2823 ap.
550 2743 674 2803 Voss.

299 3453 531 3520 aratrum
567 3459 824 3520 Romanum

418 3578 700 3660 ap.Schula

39 3725 146 3806 rial
181 3725 372 3790 Aratrum
391 3731 607 3794 Romanum
634 3733 807 3814 simplex.
852 3728 884 3813 1)
907 3727 1047 3792 dentalia.
1088 3727 1124 3816 2)

9 3807 90 3872 iuris.
133 3812 167 3894 8)
190 3823 281 3874 temo.
323 3813 357 3900 4)
372 3818 451 3880 stiva
466 3839 535 3880 cum
550 3819 709 3881 manicula.
753 3815 787 3901 6)
801 3833 915 3878 vomer.
960 3814 994 3900 6)
1013 3816 1123 3897 iugum,

9 3897 211 3977 amniculus,
255 3899 286 3960 b.
307 3901 424 3982 clavus,
467 3925 492 3966 c
517 3905 642 3984 collare,
686 3905 716 3966 d„
735 3903 801 3964 lora
816 3897 985 3984 (subiugia).

83 4025 203 4108 133.st
238 4025 418 4108 vulgaria
440 4031 702 4094 Romanorum
722 4048 863 4094 vomer.
905 4027 1014 4091 Hicin
1035 4039 1123 4091 aute·

9 4107 81 4170 riorc
95 4111 223 4172 denmlia
232 4123 322 4194 parto
332 4115 446 4194 ligitur,
459 4119 582 4200 eiusque
596 4129 760 4197 utrumque
778 4115 858 4176 latus
869 4113 986 4174 eminet.

84 4235 145 4320 lag.
165 4239 432 4330 1115Dentalia
453 4245 583 4308 aratri
604 4243 771 4306 Romani.

88 4363 147 4446 ng.
158 4367 209 4430 1v.
234 4365 365 4434 Aratri
386 4373 507 4436 auriti
527 4373 683 4456 speciae.
725 4371 828 4432 Partes
844 4372 875 4434 7.
889 4371 920 4433 7.
935 4369 1056 4432 tabulae
1069 4387 1123 4433 tau

10 4464 93 4508 mres
105 4449 254 4516 limatur.

833 4553 916 4627 25*
