2730 5016
224 369 715 480 anonmcouxm.
740 373 815 468 n1,
843 379 1010 454 32-40
1098 379 1174 456 509
1219 397 1227 410 ·

25 559 222 636 Assaraci
238 557 392 659 proles,
421 555 697 659 demissaeque
713 559 761 634 ab
777 563 872 635 love
885 561 1013 658 gentis
1122 567 1173 644 35

24 663 239 762 Nomina,
269 667 451 762 Trosque
472 683 634 761 parens,
668 674 708 736 et
730 663 873 739 Troiae
895 665 1085 760 Cynthius
1105 691 1174 743 au-

634 777 729 843 ctor.
875 833 878 838 .

24 867 199 944 Invidia
220 863 355 942 infelix
370 866 505 941 Furias
522 888 763 970 amnemque
779 893 964 944 severum

27 971 185 1068 Cocyti
203 983 375 1066 metuet,
400 981 609 1070 tortosque
626 973 770 1047 Ixionis
788 973 923 1069 anguis

23 1081 339 1174 Inmanemque
356 1085 502 1167 rotam,
532 1085 570 1148 et
586 1099 669 1149 non
688 1075 955 1176 exsuperabile
970 1099 1114 1156 saxum.

27 1183 208 1254 Interea
220 1176 424 1274 Dryadum
439 1175 550 1252 silvas
566 1176 765 1280 saltusque
779 1203 993 1280 sequamur
1120 1185 1171 1259 40

61 1335 103 1390 35
127 1334 265 1386 dimissae
281 1331 397 1401 aliquot:
414 1331 477 1383 item
491 1331 651 1385 aliianve.
686 1346 783 1404 gentes
796 1336 898 1403 Menag.
912 1333 986 1386 alter.
1055 1335 1172 1389 37-39

24 1405 160 1456 aberant
184 1403 218 1454 ab
238 1419 289 1452 uuo
308 1402 394 1454 Mead.
463 1403 498 1456 38
517 1406 643 1472 Cocytum
661 1405 756 1456 Moret.
780 1423 847 1466 see.;
874 1404 1017 1456 abeodem
1037 1421 1098 1454 mox
1120 1421 1172 1474 que

25 1475 120 1525 abest.
163 1469 522 1533 Isionisorbesliomauus5
548 1473 785 1542 quodperpetuum
804 1473 854 1526 hac
874 1473 901 1524 ia
919 1491 960 1535 τες
983 1473 1070 1541 itaque
1084 1478 1171 1541 Spen-

24 1543 82 1594 cius
100 1541 259 1610 Polymetis
272 1540 339 1591 Dial.
353 1541 427 1602 XVI,
449 1541 500 1594 189
514 1551 541 1592 et
556 1541 623 1594 alius
637 1544 685 1593 Vir
697 1542 804 1605 doctus,
830 1543 863 1594 de
878 1561 929 1612 quo
946 1544 998 1594 iarn
1012 1545 1097 1594 Burru.
1110 1559 1170 1593 mo-

26 1613 97 1674 nuit,
119 1613 153 1662 in
164 1609 365 1662 Miscell.0bss.
376 1609 467 1671 volt,
485 1628 512 1677 p.
526 1612 579 1664 269
592 1621 619 1661 et
631 1611 691 1666 390.
710 1611 770 1662 vot.
785 1614 828 1674 Ill,
846 1631 872 1681 p.
886 1613 938 1667 309
954 1609 1074 1680 vulgatae
1088 1629 1170 1678 prae-

25 1683 167 1745 lerebat„
180 1679 300 1748 inprimis
312 1688 469 1748 propterea,
488 1680 558 1748 qood
571 1681 655 1732 nullus
670 1681 796 1748 anguibus
817 1681 843 1732 in
865 1682 961 1733 lxionis
983 1681 1112 1749 supplicio
1125 1681 1170 1730 lo-

26 1769 72 1802 cas
93 1761 154 1801 est.
196 1753 231 1800 At
247 1748 300 1800 rid.
314 1750 378 1800 Not.
402 1758 429 1798 et
449 1747 486 1798 ibi
505 1753 576 1800 Serv.
603 1751 671 1801 coni.
690 1751 829 1804 Schrader.
855 1752 888 1803 ad
911 1751 1043 1804 Musaeum
1061 1766 1088 1819 p.
1108 1749 1169 1804 286.

29 1824 56 1871 lu
74 1821 185 1871 iisdem
196 1819 270 1870 Obss.
283 1835 340 1869 cam
355 1816 502 1870 Marklandi
517 1818 674 1883 coniectura,
693 1822 799 1872 Ixionis
817 1839 890 1885 oses,
909 1830 963 1872 tum
971 1821 1061 1875 Batavi
1074 1819 1170 1872 Edito-

25 1891 78 1949 ris,
100 1890 222 1941 Ixionis
241 1899 321 1969 ortua
335 1885 381 1948 vel
395 1905 517 1957 ungues,
535 1889 680 1970 proposita.
716 1889 805 1942 Omnia
824 1908 970 1960 perperam.
1006 1909 1072 1942 ores
1091 1889 1170 1941 etiam

27 1959 162 2011 Davisius
179 1957 216 2008 ad
232 1957 284 2009 Cre.
300 1957 333 2008 de
347 1958 382 2008 N.
401 1957 432 2007 D.
444 1957 476 2022 ΙΙ,
489 1955 524 2010 42
538 1959 708 2010 coniectabat.
776 1956 812 2013 40
824 1978 967 2030 aequemur
981 1959 1036 2012 Eri.

26 2105 99 2141 rum
118 2079 242 2161 genuit.
258 2078 321 2139 vid.
335 2075 457 2139 Homer.
471 2078 590 2156 iliada,
630 2101 734 2142 rerum
746 2081 934 2142 infernarum
949 2080 1112 2162 epitheton,
1132 2091 1170 2141 ut

26 2171 92 2234 215
118 2187 173 2245 sq.
216 2166 263 2224 Ex
282 2164 326 2224 llo
347 2164 528 2241 Laomedon,
551 2185 590 2224 ex
630 2167 739 2242 tristis,
762 2187 876 2228 saevus.
906 2171 958 2232 38.
981 2170 1169 2227 tortoalxio-

26 2255 86 2314 hoc
99 2253 260 2312 Priamus.
296 2253 347 2309 Ex
361 2253 512 2310 Assaraco
527 2251 589 2310 Ca-
630 2256 678 2312 nis
692 2258 805 2332 anguis
813 2299 821 2328 ,
847 2254 964 2333 quibus,
987 2273 1043 2333 pro
1056 2254 1169 2314 vincu-

22 2363 102 2419 pys,
142 2357 185 2397 ex
206 2335 266 2396 hoc
282 2337 447 2412 ΑηεΙιὼεε,
478 2355 517 2395 ex
530 2335 590 2396 hoo
629 2338 675 2413 lis,
697 2339 837 2417 religatus
852 2347 897 2398 est
910 2338 1068 2414 adrotam,
1081 2347 1168 2418 post-

26 2433 174 2486 Aeneaa.
215 2423 310 2482 Porro
328 2422 459 2500 Apollo,
483 2422 588 2482 Troiae
629 2443 719 2502 quam
731 2423 849 2482 illicitos
858 2424 978 2483 lunonis
989 2425 1169 2504 petivitam-

27 2511 206 2582 conditor,
236 2507 428 2586 adiungitur,
464 2509 535 2586 quia
553 2508 588 2584 is,
630 2509 745 2588 plexus.
793 2509 840 2567 lta
864 2518 895 2567 et
919 2509 1050 2568 Seruius.
1100 2510 1168 2567 Sive

29 2609 201 2676 tamquam
220 2593 293 2653 deus
310 2593 462 2669 tutelaris,
491 2593 589 2673 inpri-
630 2602 720 2674 poeta
734 2592 793 2652 hoc
805 2594 868 2672 ipse
882 2593 1074 2672 excogitavit,
1096 2594 1167 2669 eive,

27 2686 81 2744 mis
97 2699 221 2759 magna
243 2679 383 2758 religione
403 2679 440 2738 ab
454 2677 590 2757 Angusto
630 2677 711 2756 quod
735 2677 917 2758 probabilius
936 2677 987 2752 fit,
1015 2697 1055 2738 ex
1078 2688 1168 2758 poeta

28 2769 220 2840 colebatur,
251 2784 339 2844 quem
353 2764 427 2824 adeo
442 2763 588 2843 Apollinis
631 2765 745 2823 Graeco
765 2773 921 2844 acceptum
941 2761 1063 2824 habuit:
1083 2764 1168 2842 inge-

28 2855 136 2914 filium
156 2851 267 2928 vulgus
294 2851 417 2910 serebat.
436 2851 499 2910 vid.
511 2852 588 2909 Sue-
631 2852 714 2909 uiose
743 2871 800 2930 pro
826 2848 954 2910 maculis
983 2867 1092 2929 augeres
1118 2850 1168 2908 in-

28 2951 92 3000 ton.
113 2939 200 3015 Aug.
216 2956 240 2995 c.
258 2937 309 3001 94.
631 2936 737 2995 nexuit
754 2936 860 2995 lxioui.
906 2931 1044 3018 (Iahnius
1062 2935 1169 2995 laudat

71 3031 135 3091 37.
170 3021 274 3080 Altera
304 3041 343 3080 ex
359 3029 446 3102 parte
472 3021 503 3080 iu
528 3019 588 3080 boc
630 3023 784 3081 Staveren.
803 3021 842 3080 ad
856 3019 965 3100 Hygia.
979 3025 1030 3088 62.
1050 3041 1080 3102 Ρ.
1097 3024 1167 3085 129.

27 3110 155 3192 templo
172 3107 290 3185 signum
301 3116 431 3188 ponetur
444 3105 586 3184 Invidiam,
634 3105 722 3185 Wr.)
752 3107 848 3186 Vulgo
862 3107 1034 3187 simpliciter
1047 3107 1168 3168 vincula

27 3199 80 3257 sed
104 3193 282 3254 debellatae
313 3193 402 3252 etad
425 3193 587 3251 Tartarum
629 3201 660 3251 et
674 3211 770 3252 nexus
786 3203 1006 3254 memorantur:
1028 3213 1059 3254 v.
1073 3193 1168 3273 Apol·

26 3279 251 3364 protmbatae.
296 3277 459 3358 splendide
485 3287 587 3340 autem
628 3278 863 3354 lon.tth0d.111,
877 3283 927 3343 62.
948 3277 1014 3338 Alia
1026 3279 1093 3338 loca
1104 3278 1168 3338 vid.

28 3369 140 3430 omnia
163 3365 335 3425 exornavit.
379 3363 497 3424 salica
509 3363 587 3422 bella
628 3363 661 3423 in
679 3363 761 3424 Misc.
781 3364 865 3425 Obss.
884 3363 951 3425 Vol.
967 3365 990 3441 l,
1012 3385 1078 3444 pag.
1093 3367 1167 3428 269.

28 3455 140 3515 civilia
154 3450 337 3528 omninoque
349 3449 528 3509 discordiam
542 3449 587 3508 ci·
628 3449 694 3510 Vol.
709 3449 759 3526 111,
780 3471 809 3530 p.
825 3454 888 3514 812
904 3471 966 3530 sqq.
1008 3449 1168 3510 Indulsiase

28 3543 120 3601 vium
145 3537 208 3596 iam
229 3537 318 3615 plane
335 3535 494 3595 coercitam
516 3551 586 3609 esse,
629 3535 684 3595 sibi
698 3544 802 3614 poetas
827 3535 860 3595 in
880 3535 991 3596 lxiouis
1007 3543 1077 3594 rota
1098 3533 1167 3594 vol-

29 3623 206 3706 symbolice
227 3621 344 3698 innuit3
374 3631 410 3680 ut
434 3621 467 3679 in
498 3620 588 3680 simili
628 3620 749 3696 venda,
780 3621 949 3682 videbimus
970 3621 1022 3680 ins.
1044 3620 1096 3680 Ge.
1117 3619 1166 3696 tv,

28 3711 169 3791 imagine
186 3707 370 3766 Claudentur
383 3705 454 3764 belli
464 3718 583 3783 portae,
628 3704 701 3770 484.
724 3705 841 3765 Saxum
856 3705 974 3788 Sisyphi
986 3705 1094 3782 notari,
1110 3705 1167 3764 ob-

31 3802 139 3858 Furor
152 3795 267 3870 impiza
282 3796 361 3850 uitus
377 3791 587 3850 Suevosedeua
627 3791 711 3852 vium
727 3801 787 3868 est3
808 3791 891 3870 quod
913 3795 1085 3868 exsuperari
1103 3811 1167 3850 nou

30 3903 128 3962 super
150 3886 315 3938 ammeta.
336 3875 586 3954 aen.1‚293sq.
626 3885 727 3956 potest
754 3875 920 3952 hactenus,
955 3876 1097 3952 quoniam
1125 3875 1167 3934 ad

31 3982 169 4027 metuere
185 3964 347 4042 Cocytum,
370 3962 481 4022 lxiouis
493 3970 524 4020 et
536 3961 587 4020 Si·
627 3981 777 4022 summum
797 3962 907 4021 montis
925 3961 1069 4021 verticem
1082 3979 1167 4022 emo-

31 4053 128 4134 syphi
151 4048 353 4128 supplicium,
376 4046 491 4107 invidia
510 4047 586 4106 dici-
626 4048 691 4107 veri
701 4057 731 4106 et
740 4047 850 4106 adduci
860 4046 972 4124 nequit.
990 4049 1066 4120 λᾶας
1078 4040 1167 4110 ivar-

33 4149 83 4200 tur
129 4144 254 4208 ornate,
296 4153 371 4212 quae
399 4134 432 4193 in
459 4133 587 4192 Tartaro
630 4128 686 4212 δής
707 4131 814 4212 Odyss.
835 4136 867 4206 l,
890 4133 968 4206 697,
996 4132 1165 4212 improbus,

32 4231 200 4296 versatur,
235 4239 271 4277 ac
288 4219 312 4277 si
339 4221 464 4278 istarum
485 4237 587 4277 rerum
628 4217 746 4296 ingens,
773 4217 824 4294 qui
842 4217 976 4295 pondere
995 4237 1048 4277 sao
1068 4228 1165 4299 urget,

34 4317 167 4392 aspectu
190 4313 355 4382 terreum
376 4313 412 4364 ut
432 4303 502 4361 alias
514 4303 586 4361 liorh
628 4322 684 4362 nec
704 4302 874 4362 submoveri
892 4311 1004 4383 potest,
1032 4303 1165 4384 adeoque

33 4419 95 4454 rere
118 4413 157 4452 ac
178 4393 278 4449 terreri
302 4389 413 4449 dicitur
432 4407 489 4468 pro
513 4387 586 4447 sim-
626 4388 734 4469 gravis.
917 4406 920 4414 ’

35 4481 107 4562 plici
125 4475 241 4540 sudem.
256 4495 383 4552 aevom,
406 4481 586 4556 perpetuum
669 4473 720 4539 40.
748 4471 865 4533 Interea
894 4482 1103 4555 argumentum
1133 4489 1165 4532 se
