2652 5032
202 323 279 398 482
449 319 490 393 P.
516 304 776 392 VIRGILII
807 315 1079 394 Mandu-rs

203 500 442 603 Speluncae,
468 501 625 600 vivique
644 499 768 592 lacns;
796 512 834 574 at
848 497 990 598 frigida
1006 506 1171 602 Tempe,

200 606 452 704 llhrgitusque
467 605 606 698 boum,
618 601 759 678 molles
819 605 929 678 esub
946 604 1088 679 arbore
1101 605 1289 684 somnino

199 713 292 784 Non
307 707 467 796 absunt3
494 706 570 782 illic
588 705 706 781 saltus
723 728 766 780 ac
800 719 904 782 nstra
920 703 1113 802 ferarum,
1321 713 1322 726 ¹

198 815 248 888 Et
262 811 416 912 patiens
432 834 604 911 operum
623 810 843 909 exiguoque
859 809 1019 885 adsueta
1035 812 1225 898 iuventus;

201 917 316 992 Sacra
338 912 480 1008 deum,
507 913 709 1012 sanctique
728 925 876 1014 patres3
905 927 1078 990 extrema
1093 938 1163 1014 per
1176 912 1253 986 illos
1321 915 1322 956 4

198 1017 347 1094 Iustitia
365 1016 557 1092 excedens
572 1016 687 1091 terris
703 1015 863 1112 vestigia
877 1013 981 1095 fecit.

250 1125 317 1195 Me
332 1144 428 1194 vero
444 1121 619 1220 primum
634 1117 768 1194 dulces
785 1133 875 1195 ante
893 1120 1028 1194 omnia
1043 1123 1190 1212 Musae,
1215 1122 1292 1222 ἱ475
1321 1181 1322 1216 ,

251 1263 336 1336 472.
365 1279 543 1353 onuauu,
595 1273 792 1353 ausuum,
841 1309 844 1314 ·
1321 1317 1322 1372 ,

233 1446 285 1500 469
302 1463 336 1498 oc
348 1455 401 1497 tres
416 1463 459 1516 ap.
473 1445 569 1507 num,
593 1444 646 1496 duo
662 1444 730 1512 apud
743 1442 851 1498 Martia
867 1449 894 1494 et
905 1450 1016 1510 uterque
1030 1443 1112 1494 Goth.
1148 1441 1294 1494 amedee

187 1515 296 1567 'comam
314 1517 406 1584 Graiqu.
431 1515 466 1565 ad
487 1515 579 1566 Horat.
601 1514 650 1564 od.
670 1517 756 1574 1,21.
826 1513 877 1568 471
896 1515 925 1563 ln
944 1513 1059 1582 antiquis
1081 1512 1143 1564 edd.
1160 1512 1202 1562 illi
1217 1523 1240 1561 et
1255 1510 1295 1560 illis

197 1585 309 1653 legitur,
326 1595 354 1635 et
368 1585 432 1638 Non
447 1581 545 1634 absint.
572 1583 628 1647 illia
641 1582 719 1634 etiam
734 1581 882 1650 cantabrig.
907 1582 986 1634 a'llinc
998 1585 1067 1634 Veu.
1085 1600 1137 1634 nec
1151 1591 1216 1632 etet
1228 1580 1295 1630 leram
1321 1585 1322 1590 ’

198 1652 323 1706 nonnulli.
393 1653 445 1707 472
463 1657 501 1704 Aa
512 1651 586 1703 Leid.
603 1661 629 1703 et
642 1653 736 1704 Donat.
751 1652 785 1704 ad
798 1655 905 1704 Terent.
922 1651 1001 1702 Andr.
1014 1654 1035 1716 1,
1054 1657 1078 1713 1,
1095 1651 1141 1716 48,
1157 1649 1202 1700 nbi
1213 1659 1237 1698 et
1244 1665 1295 1719 pne

198 1741 303 1794 voque,
331 1723 402 1791 quod
415 1723 686 1774 habentfereomnes
701 1719 794 1790 scripti
808 1731 836 1771 et
851 1719 915 1770 editi
931 1721 1024 1772 eodem
1038 1737 1125 1772 senso.
1162 1723 1244 1772 Atesi
1260 1735 1295 1766 eo·
1321 1737 1322 1744 ¹

198 1811 250 1862 qne
271 1793 372 1860 recepit
387 1790 518 1844 Heinsius.
553 1791 658 1841 Habent
679 1791 707 1841 id
721 1793 868 1852 Romanus,
885 1789 1033 1852 Medicam,
1051 1792 1186 1854 Venetus,
1202 1737 1295 1838 edla
1321 1823 1322 1860 ,

197 1871 225 1912 et
240 1861 300 1910 edd.
316 1859 443 1911 Macrobii
457 1863 503 1924 vl,
521 1862 546 1914 2
564 1859 616 1910 vid.
631 1862 717 1913 Burm.
730 1862 840 1941 (exipuo
855 1858 934 1909 etiam
949 1860 1007 1910 cod.
1022 1863 1094 1911 Serv.
1107 1860 1141 1910 G.
1154 1856 1221 1926 apud
1233 1858 1295 1906 aare
1321 1875 1322 1918 4

197 1929 305 1980 Vossius
322 1936 472 2000 parvoque·
487 1929 602 1998 recepit;
620 1929 667 1980 aed
686 1937 759 1980 recte
780 1947 831 1980 ram
845 1930 931 1980 Burin.
949 1927 1031 1991 vidit,
1057 1946 1089 1978 ex
1102 1933 1171 1979 Aen.
1188 1927 1233 1988 IX,
1246 1926 1295 1980 tot.
1321 1925 1322 1984 l

196 1998 240 2049 nbi
256 1999 426 2048 idemverans
439 1998 553 2065 legitur,
569 1999 621 2050 hoc
636 1998 775 2066 repetitum
791 2015 856 2048 esse.
892 1995 978 2048 Facile
1000 1997 1080 2048 etiam
1100 1995 1296 2066 exquisitione
1321 1985 1322 2052 4

196 2069 296 2138 exiguo
311 2067 481 2133 invulgarem
490 2085 582 2138 parvo
598 2067 693 2118 mutari
707 2067 802 2136 potuit.
825 2067 896 2133 Wr.)
966 2065 1019 2120 474
1036 2069 1161 2136 vestigia
1173 2065 1295 2136 figitl'an·
1321 2073 1322 2108 l

195 2135 298 2203 tabrig.,
316 2139 418 2188 utAen.
436 2137 482 2200 vl,
501 2137 560 2190 159.
629 2137 950 2208 475M0ver0pr1·vum
969 2137 1086 2186 malebat
1097 2135 1233 2194 Reiakiua,
1249 2133 1296 2182 lae
1321 2119 1322 2192 4

196 2203 300 2258 οἰκεῖον
311 2203 359 2257 καὶ
375 2204 449 2257 ἴδιον
463 2201 593 2267 ἑαυταῖς,
619 2205 670 2256 sibi
683 2205 815 2257 addictam
833 2215 861 2256 et
879 2205 1025 2274 proprium.
1059 2205 1168 2258 Dnlcaes
1182 2205 1297 2257 Mam
1321 2249 1322 2270 ,

195 2273 222 2326 h.
236 2275 254 2326 l.
268 2283 396 2326 memorat
410 2273 512 2344 Dialog.
525 2275 559 2326 de
574 2279 645 2327 Orat.
660 2276 701 2330 13.

196 2431 426 2507 continuandae,
438 2441 476 2490 ut
487 2431 519 2490 in
529 2429 649 2490 Graecia
661 2396 750 2508 poe:
778 2430 901 2506 nabiles,
923 2431 976 2508 qui
988 2437 1092 2487 sancte
1103 2448 1143 2488 ae
1154 2431 1203 2511 pie
1216 2429 1297 2488 colna·
1321 2435 1322 2520 4

171 2517 233 2576 'tis
251 2517 299 2592 δὲ,
332 2512 449 2599 aricolp,
478 2528 509 2576 et
529 2516 642 2576 similia.
664 2517 736 2574 latis
778 2526 840 2576 tur.
884 2516 945 2575 Nisi
973 2513 1108 2593 argutius
1142 2516 1218 2576 haec
1239 2515 1297 2572 dicta
1321 2529 1322 2552 ¹

195 2605 257 2660 otia
266 2603 397 2680 susidis:
426 2619 487 2662 non
511 2602 548 2660 de
571 2599 736 2660 latifundiis
778 2601 878 2660 malis:
903 2601 967 2660 illic
993 2600 1115 2658 demum
1143 2623 1226 2664 saera
1246 2617 1297 2656 resa
1321 2679 1322 2684 4

195 2687 401 2764 cogitandum,
432 2687 484 2746 sed
507 2695 579 2746 sunt
595 2687 691 2764 campi
707 2695 736 2744 et
778 2707 863 2746 sacra
893 2684 961 2766 (pro
989 2686 1082 2743 sacris
1109 2705 1188 2748 vere
1207 2683 1295 2760 habita)

195 2773 284 2832 colles
311 2774 423 2852 aperti,
453 2773 536 2832 unde
558 2783 735 2850 prospectus
778 2782 867 2848 sunt,
887 2773 948 2832 illic
966 2791 1071 2830 senum
1087 2771 1296 2834 sanctitaarisi-
1321 2759 1322 2844 4

194 2867 280 2937 patet
292 2857 368 2918 late:
397 2877 532 2936 quaeres
547 2858 585 2916 ad
601 2857 734 2917 animum
779 2867 841 2917 tur.
884 2857 956 2921 474.
970 2870 1103 2914 extrema
1113 2861 1247 2937 perula
1260 2863 1322 2928 vel

169 2941 363 3004 ,etfrontem
378 2943 583 3021 explicandam
596 2963 735 3022 magnam
776 2945 870 3021 stigio
886 2943 984 3021 serit,
1029 2962 1100 3001 cum
1126 2946 1236 3005 scilicet
1255 2943 1297 3000 ian
1321 2935 1322 2984 4

194 3028 257 3088 vim
280 3027 373 3087 habet
401 3025 577 3108 (Meierotto
603 3048 669 3106 pag.
684 3025 734 3108 9)·
776 3027 873 3086 multo
892 3037 963 3087 ante
978 3027 1061 3086 aulas
1074 3037 1107 3086 et
1120 3029 1297 3108 palumbes-
1321 3005 1322 3086 l

194 3112 266 3177 469.
281 3117 352 3174 ,νίνί
371 3113 471 3188 laeua,
500 3133 578 3192 aqua
600 3114 734 3192 perenni.
776 3121 878 3172 torum
909 3113 1088 3191 reliquisset.
1132 3117 1200 3178 vid.
1233 3101 1322 3174 ancl

191 3197 312 3278 frigida
338 3202 468 3276 Tempe,
490 3199 650 3258 umbrosae
666 3199 734 3258 val·
776 3197 888 3258 Phaen.
907 3203 967 3262 100
979 3217 1043 3276 sqq.
1086 3199 1253 3281 Supersunt
1263 3201 1322 3270 ing

193 3283 244 3343 les.
288 3280 359 3347 470.
381 3285 485 3342 naollca
507 3287 620 3359 somni,
644 3285 734 3359 lenea,
775 3293 824 3343 ter
842 3294 968 3363 agrestes
992 3282 1119 3362 vestigia
1142 3289 1251 3368 priseae
1261 3285 1297 3342 iu-

193 3369 351 3446 tranquilli
365 3377 397 3428 et
408 3367 518 3430 aalma·
534 3369 595 3429 Ecl.
608 3367 733 3445 vl1,45.
775 3369 874 3428 stitiae
889 3379 920 3428 et
937 3371 1139 3430 innoeentiae

194 3453 267 3517 471.
289 3455 391 3512 δαίιιιε
410 3455 533 3533 proprie
555 3455 592 3513 de
605 3455 732 3538 pascaris.
811 3453 1021 3520 475-489.
1055 3455 1216 3532 Primum,
1244 3465 1296 3516 ante

179 3541 287 3598 'huna
295 3539 442 3616 femmm,
466 3541 569 3616 silvae,
590 3541 732 3602 venatio-
774 3539 889 3614 omnia,
920 3539 1029 3599 studfis
1055 3540 1256 3624 philosophiae
1272 3561 1296 3600 ac
1321 3563 1322 3574 ¹

194 3643 262 3683 nem
286 3624 449 3704 designant.
491 3624 564 3690 472.
595 3647 728 3706 opemm,
773 3635 899 3686 nunnae
910 3635 1117 3687 consecratam
1130 3631 1296 3708 vitamagee

193 3711 247 3770 int.
264 3731 339 3790 opus
349 3709 511 3786 rusticum
523 3712 670 3772 laboriosa
683 3712 732 3774 iu·
774 3729 805 3770 ae
818 3711 895 3771 velle
906 3711 958 3786 ait,
979 3711 1063 3788 quod
1076 3715 1100 3772 si
1113 3735 1177 3774 non
1190 3715 1296 3776 limet

194 3806 320 3871 vennae,
342 3795 422 3856 vine
443 3815 514 3876 para
529 3797 643 3857 melior.
667 3801 733 3856 exi-
774 3805 807 3855 at
820 3806 901 3856 certe
914 3797 1067 3856 nntioam.
1090 3799 1223 3879 Utraque
1235 3801 1294 3858 enim

191 3901 255 3958 grato
276 3881 416 3957 adsueta,
437 3891 475 3940 ut
491 3903 598 3959 parvo.
624 3881 733 3942 Tibull.
774 3881 1294 3964 vitabeataetexoptabilia349osqq.
1321 3949 1322 3954 .

193 3964 317 4039 1,1,25
339 3979 489 4026 contentus
507 3970 604 4026 vivere
620 3987 729 4046 parvo.
774 3967 897 4026 alterius
917 3978 1018 4028 tamen
1041 3967 1155 4030 deliciis
1175 3993 1210 4030 ao
1228 3971 1294 4030 bonis
1321 3955 1322 4050 4

193 4047 265 4111 473.
277 4051 340 4110 Illic
355 4073 443 4112 sacra
455 4053 543 4110 deum
550 4075 563 4126 ;
586 4053 648 4113 adl.
662 4073 732 4112 aan—
775 4051 1294 4137 damabendsimmoraturfflxpre·
1321 4095 1322 4130 3

194 4141 243 4194 cta
257 4145 327 4194 suut
339 4145 370 4195 et
377 4136 537 4212 habentur,
548 4145 585 4198 ut
597 4139 732 4198 Servius:
774 4138 813 4197 sit
832 4137 906 4198 haee
926 4148 1032 4198 auctor
1053 4139 1168 4220 Dialogi
1182 4143 1219 4202 de
1230 4143 1292 4200 nra

193 4214 253 4275 hoo
273 4220 358 4294 vult,
390 4243 473 4282 aacra
502 4221 544 4282 ibi
563 4232 642 4282 caste
662 4223 731 4298 coli;
773 4231 831 4282 tor.
847 4243 912 4303 cap.
930 4227 977 4296 13,
995 4223 1101 4302 dimin,
1124 4227 1291 4306 qnioompe
1321 4215 1322 4232 ¹

192 4301 255 4362 illic
274 4304 414 4381 pietatem
430 4317 460 4366 et
478 4317 592 4368 metum
606 4309 731 4368 deornm
772 4316 875 4384 retur,
896 4309 971 4368 loco.
1014 4309 1131 4370 Semina
1144 4313 1290 4372 sententia-

193 4405 262 4448 ease.
282 4393 381 4446 carecti
399 4401 470 4450 sunt
488 4406 608 4470 patres,
637 4411 731 4453 vene·
771 4412 841 4454 rum
854 4393 932 4454 iacta
945 4394 1003 4452 iam
1017 4393 1290 4456 udmmsxiocto
