2816 4990
169 429 221 479 xx
530 403 935 480 PRAEFATIO

167 593 426 680 iiciendum.
486 591 694 679 Poteram
729 593 861 705 igitur
893 610 1011 679 certe
1050 621 1127 698 ea,
1174 621 1303 708 quae
1395 629 1407 676 .=

168 741 306 828 super
337 739 391 796 ea
420 739 468 794 re
500 727 824 794 commentatus
854 712 1051 816 fueram,
1081 713 1144 794 ita
1167 740 1305 798 com-
1399 749 1405 798 z

167 830 403 914 municare
424 831 528 912 cum
551 828 810 934 lectoribus,
841 846 891 912 ut
919 829 1034 912 nihil
1062 845 1213 914 tamen
1244 831 1305 912 in
1398 868 1407 920 ς

167 948 276 1066 ipsis
309 963 468 1063 poetae
499 946 646 1028 verbis
676 948 972 1030 immutarem.
1034 946 1125 1030 Sed
1153 966 1305 1030 terre-
1387 993 1391 1000 ·

168 1067 245 1150 bat
274 1095 347 1148 me
380 1062 630 1148 communis
660 1067 753 1147 fere
784 1091 877 1148 sors
898 1065 1057 1148 talium
1082 1064 1303 1180 scriptio·
1389 1151 1394 1162 ,

165 1211 299 1286 num,
332 1208 448 1293 quae
480 1181 537 1264 ab
568 1209 659 1265 uno
684 1183 874 1266 alterove
897 1183 1125 1296 leguntur,
1158 1199 1220 1284 et,
1255 1182 1303 1264 si
1395 1247 1400 1259 ,

167 1300 392 1412 quaedam
409 1299 480 1382 vel
496 1326 683 1413 operose
706 1315 936 1414 congesta,
966 1301 1036 1383 vel
1058 1300 1301 1414 ingeniose
1387 1364 1393 1380 .

165 1434 349 1502 tractata
376 1418 471 1499 visa
494 1416 681 1519 luerint,
705 1417 839 1500 etiam
858 1417 1118 1521 laudantur,
1141 1445 1169 1501 a
1193 1417 1304 1531 plc-
1393 1473 1405 1524 .·.

167 1536 319 1645 risque
357 1532 644 1648 negliguntur
684 1551 727 1617 et
767 1551 1134 1640 contemnuntur,
1180 1563 1303 1620 mox
1385 1587 1395 1640 ·.

167 1651 380 1736 oblivioni
408 1649 571 1734 tradita
606 1651 655 1734 in
685 1652 772 1734 situ
811 1669 853 1734 et
888 1653 1095 1762 squalore
1133 1651 1302 1735 delite-

166 1787 308 1853 scunt.
369 1767 523 1879 ltaque
554 1770 733 1882 putavi,
762 1785 808 1852 ut
828 1769 1011 1852 tandem
1033 1767 1120 1884 ipsi
1138 1770 1302 1857 homi-
1327 1809 1332 1816 ·

164 1915 278 1970 num
303 1886 423 1970 oculi
445 1885 608 1969 veriori
627 1885 921 1970 adsuefierent
941 1886 1126 1991 rationi,
1146 1915 1301 2003 pecu-
1396 1975 1405 2004 '-

164 2005 325 2087 liarem
348 2003 463 2087 mihi
484 2003 736 2118 parandam
762 2033 856 2088 esse
880 2003 1138 2110 editionem,
1168 2032 1298 2117 quae

166 2138 208 2204 et
238 2122 518 2232 quaestiones
549 2121 655 2205 istas
687 2122 1052 2235 orthographicas
1084 2123 1301 2205 contiue-

163 2255 231 2320 ret
261 2255 304 2321 et
333 2238 432 2353 ipsa
461 2240 598 2324 verba
634 2257 793 2354 poetae
826 2239 885 2322 ad
914 2268 988 2344 ea,
1012 2251 1142 2350 'quae
1173 2239 1301 2324 mihi

161 2354 456 2554 ppobabiliter
471 2355 721 2472 disputasse
738 2356 925 2460 viderer,
953 2356 1188 2440 constituta
1207 2387 1299 2442 ex-
1390 2356 1406 2462 ‚j‘

215 2474 346 2557 beret.
405 2471 566 2556 Deleri
587 2472 719 2586 igitur
737 2491 864 2558 notas
885 2473 1022 2557 huius
1045 2472 1217 2586 generis
1238 2473 1299 2558 in
1386 2562 1390 2574 ,

164 2590 562 2695 commentarium,
604 2620 739 2702 quem
778 2590 1155 2706 conscripseram,
1190 2591 1299 2678 iam

160 2707 328 2813 illatas3
360 2734 639 2821 quamquam
668 2708 731 2792 ita
759 2710 1037 2814 factumest,
1067 2727 1117 2792 ut
1142 2737 1298 2822 quae-
1391 2725 1407 2823 ¹j

162 2823 293 2930 dam,
336 2852 454 2935 quae
486 2827 722 2910 oculorum
752 2827 898 2911 aciem
929 2824 1195 2941 effugerant,
1238 2827 1298 2912 in
1406 2845 1407 2848 ‘

159 2942 306 3058 primo
338 2943 424 3027 hoc
454 2939 697 3026 Volumine
728 2944 1037 3028 remanserint.
1097 2944 1298 3029 Paucis-
1388 3043 1407 3052 ,Ν

1398 2923 1407 2968 p

159 3059 273 3143 sima
302 3058 437 3174 igitur
466 3061 554 3143 hoc
585 3061 634 3142 in
655 3089 815 3174 genere
838 3058 1009 3143 videbis
1032 3087 1059 3145 a
1083 3091 1156 3146 me
1185 3089 1295 3148 cor-
1399 3157 1403 3164 ,

158 3194 301 3281 recta,
345 3203 431 3260 nec
469 3195 612 3260 vertes
650 3175 765 3258 mihi
802 3175 928 3280 vitio,
971 3179 1092 3289 quod
1130 3180 1293 3266 adhuc
1398 3163 1407 3214 ³

158 3293 384 3407 quaedam
423 3293 608 3376 diversis
646 3291 792 3376 modis
830 3293 995 3408 scripta
1033 3295 1296 3413 deprehen-
1390 3347 1407 3414 ·.‘

158 3411 260 3518 des,
291 3429 339 3495 ut
369 3439 497 3526 quum
523 3421 704 3506 etcum,
736 3411 878 3492 laevia
900 3429 941 3494 et
963 3413 1099 3512 levia,
1131 3414 1290 3501 labsus
1390 3473 1392 3487 ,

158 3547 201 3615 et
231 3531 403 3640 lapsus,
435 3527 546 3610 etsi
576 3555 665 3638 qua
696 3525 879 3610 suntid
909 3557 1047 3644 genus
1079 3532 1183 3616 alia.

274 3645 365 3729 Sed
396 3643 477 3725 etsi
512 3672 609 3726 rem
639 3645 841 3728 criticam
871 3647 920 3728 in
951 3649 1121 3762 potiore
1151 3651 1291 3735 labo·

154 3767 216 3850 ris
235 3763 328 3852 mei
344 3775 468 3875 parte
487 3760 747 3846 habendam
769 3762 882 3846 mihi
905 3766 1166 3871 existimari,
1188 3798 1290 3854 non
1403 3771 1406 3804 ³

153 3902 306 3968 tamen
342 3877 592 3991 interpretis
630 3878 831 3962 officium
859 3883 993 3997 plane
1031 3883 1291 3971 detrectan-
1405 3873 1406 3914 ³

154 4001 267 4082 dum·
305 3993 411 4076 vidi.
480 3994 633 4105 ltaque
671 3996 751 4082 ubi
792 3999 860 4080 v'el
900 3999 1182 4086 dissentirem
1223 4007 1318 4089 ab'

151 4113 348 4229 Heyni0,
386 4135 543 4194 causas
577 4112 868 4196 dissentiendi
898 4143 1034 4227 quarn
1063 4117 1165 4202 fieri
1194 4151 1287 4236 po-
1400 4105 1406 4231 J

151 4233 234 4315 tuit
255 4226 515 4318 brevissime
539 4229 752 4344 explicui,
783 4231 854 4312 vel
882 4233 964 4316 ubi
992 4241 1289 4350 praetermis·-

150 4377 250 4434 sum
273 4343 450 4458 aliquid
468 4361 696 4459 putarem,
725 4345 891 4452 adieci,
924 4351 1046 4462 quod
1071 4379 1187 4469 opus
1214 4357 1287 4440 vi-
1401 4357 1405 4374 ”
