2784 4988
212 351 323 406 xxxrv
513 327 589 402 Ex
615 326 1052 404 PRAEFATIONE

212 521 351 620 ltaque
374 539 421 591 ex
439 513 661 592 innumeris
686 513 732 588 iis
760 511 983 610 codicibus,
1011 514 1079 616 qni
1102 510 1234 592 adhuc
1249 537 1348 614 pas-

212 622 288 698 sim
319 619 362 696 in
388 615 642 694 bibliothecis
674 615 816 715 latent,
857 615 950 694 licet
987 641 1057 693 eos
1092 616 1219 694 excuti
1253 641 1346 694 non

213 722 380 800 omnino
402 720 543 800 inutile
566 717 656 798 fore
679 720 958 821 pronuntiem,
985 719 1036 796 ad
1054 740 1254 812 summam
1281 733 1346 798 ta-

211 851 308 904 men
321 825 380 902 rei
394 828 455 902 vix
470 825 685 926 quicquam
699 821 814 900 valde
834 823 1100 900 memorabile
1123 836 1163 900 et
1178 823 1345 920 insignis

213 930 375 1006 alicuius
397 927 574 1007 utilitatis
598 926 889 1028 expectandum
911 950 996 1004 esse
1014 927 1193 1004 arbitror.
1246 926 1343 1004 Ple-

211 1035 364 1135 risque‚
392 1031 574 1110 eLatinis
590 1044 716 1128 certe,
744 1030 981 1122 auctoribus,
1009 1029 1259 1133 quiquidem
1277 1055 1344 1106 ac-

213 1149 345 1214 curata
371 1149 412 1214 et
434 1134 587 1212 sollerti
609 1133 782 1212 lectione
804 1134 913 1232 digni
941 1135 1038 1228 sint,
1074 1133 1343 1210 emendandis

119 1289 128 1302 ·
214 1253 254 1318 ct
286 1239 486 1341 poliendis
522 1238 613 1314 satis
644 1237 873 1315 insudatum
908 1251 984 1335 est,
1022 1238 1169 1314 utiam
1195 1237 1241 1312 iis
1271 1263 1343 1314 ve-

211 1345 276 1420 nia
297 1357 404 1420 certe
429 1341 561 1420 danda
585 1343 651 1436 sit,
681 1343 749 1444 qui
767 1339 1004 1418 emendatae
1024 1340 1142 1416 buius
1157 1340 1341 1418 lectionis

213 1445 392 1524 inactum
424 1445 601 1546 aliquem
623 1467 784 1546 capere,
817 1469 894 1520 nec
915 1467 1083 1521 ornnem
1109 1468 1279 1546 operam
1300 1446 1341 1522 in

211 1549 393 1626 rimanda
417 1547 599 1624 lectionis
629 1550 834 1644 varietate,
869 1561 935 1626 aut
958 1546 1151 1624 ariolandi
1173 1561 1214 1624 et
1241 1573 1339 1627 con-

212 1651 383 1732 iectandi
405 1651 605 1750 lubidine,
637 1675 813 1752 ponere,
849 1665 915 1728 aut
931 1665 1112 1728 auctores
1137 1649 1187 1726 ad
1206 1673 1339 1748 gram-

211 1757 397 1832 maticam
409 1755 537 1831 modo
554 1767 595 1830 et
611 1756 786 1832 criticam
800 1755 1057 1832 subtilitatem
1067 1767 1176 1832 recte
1189 1755 1337 1840 intelli-

211 1883 328 1958 gere,
359 1883 519 1956 verum,
547 1881 640 1934 cum
662 1859 755 1960 ipsis
773 1860 894 1935 rebus
910 1871 951 1934 et
964 1859 1190 1958 sententiis,
1219 1860 1338 1934 etiam

212 1974 512 2040 eorum-artem
533 1963 574 2037 in
595 1962 862 2058 inveniendis,
905 1961 1163 2064 eloquendis,
1206 1975 1250 2038 et
1272 1986 1335 2037 or-

210 2065 353 2144 nandis
371 2089 510 2142 rerum
530 2067 789 2164 argtunentis,
821 2067 1109 2145 sententiarum
1130 2089 1175 2145 ac
1190 2065 1336 2142 verbo-

211 2195 304 2246 rum
336 2168 516 2263 delectu,
541 2170 775 2272 'perspicere
793 2184 992 2246 eteorum
1010 2167 1199 2270 exemplis
1225 2167 1333 2246 addi-

76 2352 87 2368 ,
210 2297 323 2352 scere
342 2271 483 2368 velint,
511 2271 722 2373 quomodo
746 2274 819 2375 ipsi
832 2271 907 2350 sibi
917 2274 1115 2350 maiorem
1129 2274 1280 2372 ingenii
1297 2285 1333 2348 et

211 2375 401 2454 orationis
419 2375 655 2473 elegantiam
678 2390 921 2478 comparent
975 2379 1080 2456 Cum
1091 2389 1230 2452 tamen
1248 2377 1332 2454 Vir-

209 2479 349 2580 gilium
366 2501 472 2561 'eum
495 2501 581 2556 esse
600 2481 892 2579 meminissem,
919 2479 959 2556 in
985 2504 1067 2582 quo
1083 2481 1240 2558 criticae
1267 2479 1331 2556 ali·

211 2584 320 2662 cuius
343 2581 539 2658 facultatis
566 2584 741 2686 copiam,
784 2609 861 2686 qua
885 2581 1019 2660 nullus
1041 2585 1239 2682 ingenuae
1261 2583 1329 2658 do-

210 2687 358 2766 ctrinae
380 2685 509 2762 homo
530 2687 617 2762 sine
635 2709 782 2785 magno
800 2699 839 2764 et
860 2711 933 2763 suo
952 2701 993 2764 et
1005 2687 1257 2788 disciplinae,
1284 2681 1328 2760 ad

210 2815 332 2893 quam
350 2814 437 2868 sese
451 2789 638 2888 adiungit,
666 2789 909 2868 detrimento
927 2815 1060 2868 carere
1103 2792 1211 2887 ossit,
1239 2789 1328 2866 ado-

208 2894 403 2969 lescentes
419 2893 573 2994 optime
590 2895 744 2994 possint
761 2893 835 2970 sibi
849 2919 999 2996 parare,
1021 2817 1135 2971 nolui
1152 2893 1219 2970 vel
1233 2894 1326 2970 hanc

208 2995 420 3072 utilitatem
450 2995 498 3070 ab
520 2996 601 3083 bac¹
617 2997 794 3074 editione
818 2999 1037 3096 seiungere.
1088 2999 1229 3100 Itaque
1249 3017 1324 3072 non

208 3097 335 3174 modo
357 3098 551 3177 variantes
585 3097 777 3176 lectiones
801 3125 846 3174 ex
873 3101 1166 3180 burmanniana
1190 3099 1323 3178 editio-

108 3251 113 3260 ,
208 3225 281 3294 ne,
322 3213 482 3301 praeter
509 3201 652 3301 paucas
682 3227 845 3303 prorsus
874 3205 1051 3302 inutiles,
1092 3229 1236 3290 omnes
1265 3227 1323 3276 er-

210 3304 348 3404 cerpsi,
374 3303 416 3382 in
430 3303 644 3381 meliorem
660 3305 847 3382 ordinem
863 3307 1017 3406 digessi,
1043 3307 1191 3386 iudicio
1213 3307 1321 3383 etiam
1358 3353 1361 3401 ,

208 3407 474 3510 qualicunque
493 3432 589 3486 meo
615 3409 789 3501 adiecto;
822 3411 1105 3488 verumetiam
1129 3413 1251 3488 varias
1270 3407 1321 3484 le·

208 3512 359 3588 ctiones
377 3537 424 3588 ex
439 3511 627 3588 Pierianis
643 3513 933 3611 notationibus,
956 3539 1059 3616 quae
1073 3521 1207 3592 Tomo
1223 3509 1319 3588 istius

205 3614 401 3692 Editionis
430 3629 572 3718 quarto
597 3640 780 3692 seorsum
805 3642 966 3694 excusae
992 3633 1103 3716 sunt,
1138 3611 1318 3694 subiunxi.

205 3721 262 3794 Ex
285 3719 517 3796 Martiniana
545 3743 669 3820 porro
702 3719 942 3818 Eclogarum
973 3735 1013 3800 et
1039 3723 1317 3821 Georgicorum

206 3823 441 3898 recensione
455 3835 611 3922 septem
626 3823 955 3902 codd.varietates
968 3826 1046 3902 suis
1060 3825 1157 3902 locis
1170 3815 1316 3909 inserui,

207 3938 247 4000 et
261 3923 619 4024 erEdimburgensi
633 3928 936 4005 emendationes
951 3928 1236 4028 Cuningbami,
1257 3943 1315 3996 co·

206 4027 338 4104 dicem
359 4027 588 4106 Mediceum
614 4055 635 4106 a
655 4033 848 4130 Fogginio
872 4055 1121 4134 expressum,
1152 4017 1313 4110 Vaticani
1349 4033 1351 4115 J

205 4129 351 4209 codicis
382 4129 603 4230 fragmenta
628 4136 845 4212 aBottario
881 4159 1038 4234 excusa,
1073 4134 1218 4214 codicis
1242 4131 1314 4204 lio·
1346 4141 1349 4245 l

168 4259 171 4272 ⁴
202 4235 310 4312 mani
338 4235 462 4315 varias
490 4237 700 4312 Lectiones
729 4237 780 4314 ad
804 4239 953 4318 calcem
978 4239 1027 4316 ab
1048 4240 1135 4341 ipso
1158 4235 1311 4314 adiectas
1346 4253 1347 4309 t

170 4341 175 4350 '
203 4335 346 4416 sedulo
369 4339 593 4438 comparavi
618 4353 657 4416 et
689 4343 889 4444 exscripsi3
922 4343 1046 4420 trium
1068 4345 1186 4422 etiam
1214 4329 1310 4414 codi-
1342 4383 1345 4439 q
