2758 4990
234 315 591 392 GEORGICON
617 315 722 393 LIB.
745 317 818 411 IV,
843 323 1009 396 36-46
1102 325 1175 397 601

23 533 29 578 ε
75 501 365 604 pumicibusque
381 502 481 578 cavis
499 526 716 602 exesaeque
730 500 881 577 arboris
895 516 1018 582 antro,

23 639 26 682 1
74 610 128 680 Tu
144 619 273 682 tamen
294 607 408 700 eleyi
425 601 570 680 'rimosa
589 604 730 680 cubilia
746 605 844 680 limo
1128 615 1179 689 45

73 711 200 806 Ungue
215 707 356 785 fovens
378 710 544 804 circum,
573 721 613 784 et
631 733 736 784 raras
758 709 994 809 superiuiice
1012 707 1178 792 frondis.

115 851 171 924 46.
198 869 319 923 suurn
339 870 462 922 rnncu

98 1065 130 1122 44
144 1069 213 1121 ilicis
224 1083 307 1123 antro
321 1071 362 1123 ed.
381 1073 447 1124 Veo.
466 1071 534 1123 conl.
549 1071 599 1123 Ge.
613 1073 644 1134 ll,
660 1069 722 1125 453.
758 1066 866 1122 arboris
886 1071 951 1124 alvu
970 1072 1047 1124 codd.
1061 1073 1180 1125 nonnulli
1238 1109 1242 1121 .

22 1161 23 1204 3
69 1138 128 1204 upud
142 1139 266 1204 Pierium,
289 1139 359 1192 liber
374 1141 479 1204 Ursini,
497 1142 617 1208 Meuag.‚
636 1155 685 1207 pro
700 1139 786 1191 alueo.
805 1139 959 1192 ridlleius.
994 1142 1047 1193 Sed
1059 1143 1179 1195 Macrob.

25 1263 29 1269 ¹
68 1210 114 1257 Sat.
127 1209 168 1272 Vl,
185 1211 202 1262 7
220 1220 331 1260 antrum
348 1210 467 1277 agnoscit
483 1222 509 1260 et
522 1228 571 1278 pro
588 1226 699 1261 caverna
712 1209 856 1260 insolenter
876 1210 942 1278 poni
960 1221 1042 1262 notat.
1116 1213 1151 1266 45
1164 1231 1181 1264 e

21 1279 28 1308 '-
68 1284 144 1326 tuetur
157 1278 245 1329 Heius.
260 1296 274 1328 e
287 1278 382 1330 Medic.
396 1290 423 1330 et
439 1279 496 1332 aliis
509 1279 694 1348 compluribus.
731 1277 817 1346 Vulgo
831 1293 872 1344 ee,
889 1279 959 1348 quod
972 1281 1086 1347 Nauger.
1104 1280 1179 1332 intu-

66 1343 105 1407 lit,
121 1345 187 1398 haud
202 1347 335 1412 deterius,
358 1357 495 1418 utrumque
509 1349 629 1417 agnoseit
644 1353 715 1400 Serv.
734 1348 809 1399 abeat
818 1361 954 1418 utrumque
966 1349 1037 1401 Toll.
1062 1349 1177 1420 (Reliqui

65 1412 123 1465 haec
134 1415 184 1480 itu,
202 1426 231 1467 ut
244 1417 278 1468 ab
293 1417 393 1482 Heius,
410 1421 503 1481 Burin„
521 1418 624 1486 lleyuio
639 1418 709 1469 editu
731 1428 798 1469 suut.
833 1418 910 1469 Plura
926 1418 995 1469 euim
1012 1419 1056 1470 hic
1070 1419 1179 1485 incerta,

20 1555 25 1584 :
64 1499 93 1600 r:
96 1485 422 1625 i.53‘.¹'‘.‘{l?..l:.¹⁵{;.2”
416 1487 942 1625 :5³⁰tl1332233²³22¹..i22t'·..iit-“3¹¹¹
954 1488 1105 1609 iiiii:
1114 1490 1179 1610 iii

182 1593 188 1606 .
461 1593 468 1619 ,
634 1593 641 1608 .
919 1593 926 1609 .

20 1627 23 1654 '⁸
64 1633 127 1673 certa
139 1623 218 1676 lectio
230 1627 261 1676 in
274 1626 380 1686 Servi03
404 1627 427 1678 is
447 1625 536 1691 „Alii‚
555 1626 654 1695 inquit,
678 1631 716 1676 Et
726 1626 782 1677 leui
791 1625 889 1693 legunt.
927 1629 1000 1678 Unus
1017 1637 1180 1680 tumeuaen-

20 1701 22 1706 ’
63 1707 99 1740 sus
115 1705 167 1748 est:
186 1712 247 1746 uam
260 1695 312 1746 hoc
324 1695 401 1747 dicit:
420 1697 490 1766 quod
509 1696 571 1746 illue
583 1695 662 1746 nimio
682 1695 775 1746 labore
796 1695 947 1762 perficiunt,
970 1707 998 1747 tu
1014 1715 1028 1747 e
1047 1696 1098 1747 leri
1111 1715 1179 1766 unge

19 1785 21 1826 ς
62 1759 147 1816 rimone
164 1765 263 1817 cubilia
286 1765 473 1816 circumferens
493 1765 588 1816 liruo.“
623 1769 657 1816 ,tt
678 1775 748 1815 recte
764 1765 936 1816 Burmannus:
954 1765 1083 1830 „Servius
1101 1767 1180 1819 ulium

19 1837 22 1864 ³
63 1829 170 1883 ordinem
184 1835 389 1886 constructionis
403 1835 508 1886 videtur
524 1845 643 1898 secutus,
662 1845 688 1885 et
700 1853 715 1884 e
728 1834 784 1884 levi
795 1835 937 1902 separatim
953 1853 1068 1903 ponere,
1087 1837 1180 1888 eodem

60 1901 145 1980 modo,
171 1915 200 1954 ut
213 1923 229 1954 e
234 1903 322 1975 sucili
329 1943 336 1966 ,
359 1917 461 1966 eruto,
485 1914 513 1955 et
534 1903 628 1956 similia
643 1912 795 1964 occurruu25
814 1933 847 1942 -
862 1933 895 1944 -
916 1923 975 1956 nam
990 1905 1103 1974 opponit
1114 1911 1180 1958 Ser-

61 1985 110 2020 uus
127 1971 234 2023 nimio
253 1973 378 2024 labori.
414 1975 466 2024 Sed
481 1973 532 2024 hoc
545 1974 691 2042 procedere
704 1989 756 2023 uou
770 1983 874 2042 potest,
898 1973 959 2042 quia
974 1992 1006 2025 eo
1029 1993 1105 2026 seusu
1121 1975 1180 2044 pri-

19 2049 21 2076 Ξ
60 2055 95 2089 rua
108 2039 133 2090 iu
147 2041 203 2093 leui
216 2042 300 2093 debet
312 2043 417 2112 corripi.
453 2045 540 2107 Quare
553 2043 575 2094 si
595 2042 633 2095 ita
646 2061 741 2112 capere
759 2042 840 2107 libet,
858 2043 997 2111 legendum
1020 2044 1077 2095 siue
1098 2045 1179 2096 dubio

18 2119 20 2144 s
58 2109 168 2161 eleni.¹‘
204 2112 320 2180 Egregie
340 2130 403 2164 vero
423 2115 595 2172 Burmannus3
622 2122 649 2164 et
670 2113 707 2164 ita
728 2112 806 2180 plane
826 2113 885 2164 cod.
901 2114 1003 2176 Dresd.‚
1029 2132 1060 2164 ex
1075 2131 1127 2182 quo
1142 2115 1180 2166 ita

58 2179 172 2231 Seruiana
190 2182 338 2232 constitue:
373 2185 417 2246 „E
436 2183 518 2234 LEVl
536 2184 663 2234 RIMOSA
677 2183 925 2234 contemtiose:
950 2183 1003 2234 Alii
1019 2195 1046 2234 et
1064 2184 1121 2235 levi
1137 2183 1180 2236 le-

57 2257 129 2312 gunt:
154 2267 220 2300 unua
242 2261 333 2302 tamen
352 2269 443 2304 sensus
463 2263 512 2304 eat.
547 2251 600 2304 Alii
617 2264 644 2302 et
664 2251 722 2303 leni
738 2251 845 2319 legunt:
869 2269 929 2303 uam
945 2252 997 2304 hoo
1011 2251 1110 2303 dicit:“
1130 2265 1179 2306 eto.

18 2351 19 2354 η
55 2318 136 2385 ltaque
149 2319 284 2388 triplicem
302 2320 443 2372 lectionem
456 2337 671 2374 commemorasse
688 2322 819 2387 putandus
842 2331 883 2372 est
896 2321 1007 2372 Servius.
1044 2321 1181 2388 Dupliceru

57 2387 167 2452 quidem,
187 2401 216 2441 ut
234 2389 340 2457 vulgatu
361 2390 539 2459 Exemphria,
556 2388 675 2456 agnoscit
695 2389 774 2440 etiam
793 2390 860 2440 Edit.
874 2389 960 2452 Basil,
979 2389 1026 2441 sed
1039 2390 1076 2441 ita
1086 2429 1094 2454 ,
1112 2403 1140 2442 ut
1155 2403 1181 2442 et

55 2454 108 2521 ipsa
123 2475 173 2526 pro
189 2473 217 2510 et
232 2460 289 2511 levi
300 2461 425 2528 praebeat
442 2472 469 2510 et
481 2460 545 2510 leni.
581 2459 701 2508 Ceterum
716 2478 731 2508 e
747 2459 810 2509 limo
826 2452 873 2509 un*
885 2477 951 2508 uere
965 2457 1079 2510 illustrat
1092 2461 1179 2512 Burm.

55 2529 248 2580 exauctoribus
262 2528 302 2580 rei
317 2529 442 2580 medicae.
463 2527 668 2593 Wr.)'1imoeo
686 2525 786 2578 Zulich.
822 2477 948 2578 calicula
967 2527 1068 2578 Bodlei.
1103 2529 1180 2580 limo:

54 2595 80 2646 lu
93 2597 238 2650 Declamat.
252 2599 317 2648 Xlll
325 2638 332 2662 ‚
357 2617 383 2667 p.
401 2599 454 2652 275
467 2597 508 2648 ed.
529 2599 614 2648 Burin.
635 2595 680 2646 ubi
692 2595 734 2646 hic
748 2595 820 2647 locus
836 2613 972 2664 expressus
987 2607 1041 2648 est:
1059 2595 1180 2650 Iuvabat

54 2678 99 2719 auc
110 2667 190 2718 lenta
202 2669 309 2718 vianna
321 2670 413 2720 remis
425 2666 533 2738 firte'bus
547 2677 652 2728 texere,
671 2665 857 2716 et-lsr'ontes
877 2667 961 2716 rimus
979 2668 1070 2716 tenaci
1090 2667 1178 2718 linere

47 2736 126 2799 fimo,
152 2749 232 2808 putes
257 2755 314 2788 eum
332 2737 429 2808 legisse
451 2736 478 2788 h.
489 2736 508 2787 l.
522 2737 601 2802 fimo.
638 2733 690 2786 Sed
710 2734 769 2785 luto
785 2746 812 2784 et
829 2735 900 2802 fimo
921 2745 959 2785 est
980 2733 1007 2784 in
1029 2733 1180 2786 Columella.

52 2803 83 2856 46
95 2803 288 2874 sovenr‘l'oll.
313 2808 487 2878 (superinir'ce
500 2805 538 2857 sic
551 2803 778 2871 iuuetimseripsi3
803 2813 829 2855 et
848 2813 936 2854 amant
971 2815 1046 2854 cetae
1060 2804 1181 2872 longiora
1253 2823 1259 2834 ¹

50 2871 74 2922 iu
90 2875 176 2927 altera
187 2875 346 2926 ·hexarnetri
364 2886 438 2944 parte
458 2875 598 2934 vocabula,
624 2889 677 2924 uou
692 2874 756 2923 item
771 2872 799 2923 iu
810 2872 909 2944 priore.
984 2873 1071 2926 andes
1082 2874 1178 2926 Medic.

51 2943 168 2996 Ceterum
182 2946 289 2997 densos
303 2945 521 3015 exspectaverim,
539 2961 592 2996 nou
608 2961 698 2995 raros.
719 2944 792 3011 Wr.)

82 3051 103 3122 ⁶)
121 3055 183 3108 Hoc
196 3054 299 3125 inipso
313 3053 405 3108 codice
417 3053 518 3106 invenit
529 3051 696 3123 Freytagiuu.

48 3212 108 3272 lent
120 3214 209 3274 intus
222 3212 258 3270 in
276 3211 445 3290 pumicum,
467 3233 490 3272 s.
505 3231 598 3271 saxo-
631 3209 760 3288 fovens,
788 3209 848 3270 hoc
859 3211 977 3289 poetico
998 3221 1110 3271 ornatu
1123 3211 1181 3270 sd-

47 3319 130 3376 rum,
156 3310 196 3360 ut
215 3297 304 3357 Iliad.
320 3299 348 3376 β,
371 3301 421 3361 87.
444 3301 485 3362 88
505 3299 598 3357 arbo·
639 3295 767 3372 ieeturn3
793 3317 862 3355 nam
880 3295 919 3355 ad
938 3297 1066 3355 calorem
1080 3297 1182 3356 couti-

46 3405 177 3464 rumque
203 3383 401 3442 caritatibus:
430 3383 522 3443 uude*
540 3383 599 3442 mel
640 3381 774 3440 nendum
797 3383 868 3441 nlius
890 3382 922 3440 id
943 3381 1009 3444 lieri
1030 3383 1123 3456 solet,
1145 3391 1182 3440 ut

44 3483 205 3550 repertum
216 3470 251 3528 in
260 3469 341 3527 cavis
351 3469 494 3530 arborum
508 3478 599 3528 trun-
639 3466 730 3526 rimus
751 3467 934 3530 obturemus.
983 3468 1089 3527 Cetera
1109 3467 1181 3526 illu-

45 3559 86 3614 cis
110 3569 143 3617 et
164 3559 200 3616 iu
217 3555 343 3634 rupium
364 3556 454 3615 cavis.
475 3552 598 3614 ctPtin.
640 3561 719 3612 strat
739 3555 854 3614 Colum.
875 3555 933 3626 lx,
950 3552 989 3615 14
997 3597 1006 3628 ,
1020 3553 1060 3616 14
1087 3553 1182 3630 Quie-

43 3644 95 3718 Xl,
118 3647 171 3718 18,
190 3663 216 3700 a.
233 3645 282 3705 19.
641 3640 717 3717 quid
738 3639 843 3698 dende
861 3642 1006 3698 rimarum
1038 3651 1094 3712 est,
1128 3651 1183 3696 aut

85 3731 140 3794 45.
173 3727 232 3791 46.
276 3725 376 3805 Apum
416 3723 599 3803 diligentiam
633 3725 844 3802 foraminum,
866 3727 928 3782 luto
945 3735 972 3781 et
982 3722 1183 3798 fimobubulo

42 3815 152 3894 apiarii
171 3831 270 3892 opera
294 3811 495 3872 adiuvandam
517 3809 599 3870 dicit.
643 3812 739 3866 mulir
754 3811 904 3868 &litemus
920 3813 1109 3882 extrinsecus,
1129 3829 1183 3868 nec

42 3904 163 3958 Laevia
201 3899 319 3973 lmus,
362 3897 486 3972 lutum,
523 3915 600 3972 aqua
642 3897 702 3952 nisi
724 3895 841 3969 odiliae,
876 3893 981 3974 quibua
1008 3907 1180 3969 comment,

41 3987 231 4057 subactum,
259 4003 330 4044 eane
347 3991 378 4040 et
397 3989 483 4044 tactu
501 3977 600 4039 lubri-
641 3981 849 4058 relinquemus.
880 3982 931 4054 Es,
956 3983 1096 4058 quamvis·
1108 4001 1183 4057 por-

40 4093 111 4133 cum
126 4081 161 4130 et
177 4069 253 4130 visu
266 4067 406 4128 nitidum.
425 4067 600 4146 ungueeli-
643 4067 704 4123 lieu
714 4075 851 4142 protecta
868 4085 945 4124 vasu
954 4110 962 4138 ‚
987 4066 1182 4124 nihilominus

40 4179 90 4217 mo
118 4155 254 4239 proprie
276 4155 407 4228 dictum,
439 4161 474 4212 ut
492 4151 600 4212 medici
643 4161 785 4228 congestu
799 4151 964 4208 eulmomm
984 4163 1012 4208 er
1024 4151 1184 4228 frondium

38 4247 154 4305 solent.
170 4239 241 4301 vid.
258 4241 348 4300 eund.
363 4243 474 4297 riuwsa
487 4237 599 4296 cerdilio
641 4247 878 4313 superregemus,
913 4249 1117 4316 quamtamque
1137 4257 1182 4294 res

38 4331 71 4390 in
93 4327 243 4411 pedestri
262 4343 414 4398 sermone,
439 4323 528 4383 rimas
542 4341 599 4384 cu·
635 4323 786 4400 patiano,
807 4343 829 4379 α
842 4321 963 4400 frigore
983 4333 1183 4400 ectempesra·

37 4415 119 4493 bilis,
147 4413 185 4474 h.
203 4411 342 4488 alvearis,
361 4413 596 4488 ungreecricum,
641 4405 718 4465 trdus
733 4409 921 4466 manumiss.-
