2634 5012
197 359 278 434 404
452 353 493 426 P.
527 345 785 427 VIRGILII
817 343 1080 422 MARONIS

196 537 386 618 Inseritur
402 559 498 613 vero
518 547 557 610 et
571 536 682 610 nucis
703 532 863 608 arbutus
878 529 1039 606 horrida
1056 527 1156 619 fetu;
1189 617 1197 624 ,

196 649 246 720 Et
259 639 411 717 steriles
424 638 570 740 platani
583 637 710 713 malos
726 659 883 735 gessere
897 635 1081 724 valentis3
1246 639 1284 706 70

248 787 308 857 69.
333 799 436 853 raro
455 799 571 852 noers
590 796 769 852 umorue
789 795 969 850 nonanis

231 967 265 1022 69
283 965 422 1018 &seritur
435 984 501 1018 vero
518 977 545 1016 st
562 967 642 1018 nuda
661 961 778 1017 arbutus
792 963 906 1018 horrida
938 958 1109 1014 oetuMedio.
1128 974 1188 1008 sm
1201 973 1234 1023 pr.
1261 957 1286 1004 ln

197 1037 275 1106 plane
294 1034 427 1088 Gudianus
448 1045 476 1086 et
495 1035 576 1086 Goth.
595 1051 648 1086 sec.
672 1035 760 1103 (etiam
770 1036 796 1088 2.
810 1035 834 1089 3.
850 1035 903 1087 8.1
924 1068 932 1082 .
955 1032 1045 1096 Wr.)‚
1069 1027 1120 1080 uisi
1135 1025 1200 1096 qaod
1217 1025 1253 1075 ille
1266 1045 1288 1073 er

197 1108 285 1158 nucis.
320 1108 466 1172 Utrumque
479 1106 511 1156 ab
527 1121 574 1168 eo,
593 1104 638 1174 qui
650 1104 736 1155 versui
748 1103 892 1166 metuebat,
908 1099 1102 1168 interpolatum.
1125 1095 1230 1148 arbutus
1240 1095 1288 1144 lsr-

199 1193 266 1228 rens
279 1174 402 1226 llottend.
418 1174 502 1239 alter,
523 1171 622 1224 zulich.
639 1181 666 1223 et
680 1183 736 1224 tres
749 1171 872 1235 Martini,
888 1181 918 1222 ut
930 1170 982 1222 iam
997 1169 1102 1222 servitu
1115 1165 1180 1216 male
1209 1163 1289 1214 nordan

197 1245 287 1312 legere
302 1242 346 1296 ait.
381 1256 409 1293 ec
421 1240 504 1314 foetu
520 1253 591 1294 recto
605 1241 751 1311 repositum
764 1261 779 1292 a
794 1243 952 1304 Burmanno,
969 1249 999 1289 ut
1013 1256 1060 1289 sex
1072 1235 1135 1288 libri
1150 1183 1212 1305 apud
1223 1231 1288 1282 Heius

199 1330 256 1366 cum
269 1329 319 1364 sno
331 1312 455 1364 Arundel.
470 1323 496 1363 st
510 1311 588 1363 Goth.
601 1329 661 1375 seo,
680 1329 729 1380 pro
744 1331 777 1362 ex
786 1309 861 1384 fetu.
888 1308 962 1380 (secu
976 1311 1057 1360 nucia
1068 1305 1183 1358 arbutus
1193 1303 1288 1355 borridu-

199 1383 237 1434 sic
256 1381 334 1434 etiam
347 1381 463 1450 lleyniuo
477 1381 605 1434 ediderat.
640 1383 740 1432 Versus
756 1381 799 1432 hic
811 1379 868 1448 ipse
882 1378 923 1430 vel
939 1378 1049 1430 maxime
1063 1375 1191 1426 horridus.
1222 1369 1290 1421 Medic.

218 1451 305 1504 nidem
323 1451 432 1502 eundem
450 1451 588 1502 verborum
609 1449 727 1502 ordinem
745 1449 868 1510 exhibet3
893 1447 940 1500 sed
958 1457 1038 1498 notae
1055 1445 1181 1527 quaedam
1197 1443 1290 1494 iadau

194 1471 260 1594 iesu
273 1522 300 1571 iu
316 1520 366 1572 fine
379 1537 467 1570 versus
481 1537 539 1570 ease
554 1519 741 1571 collocandum.
777 1521 859 1570 Recte
875 1531 951 1577 sunm
974 1533 1076 1566 numeru
1088 1515 1158 1565 enim
1169 1529 1245 1563 renus
1254 1511 1290 1574 ly-

200 1589 340 1660 permetri,
358 1607 406 1656 per
420 1589 542 1640 seminus
555 1589 632 1657 grati,
650 1589 818 1640 emolliuntur
832 1599 918 1638 tamen
932 1587 1027 1654 ubique
1040 1585 1170 1653 producta
1181 1578 1290 1652 penditus

199 1658 320 1712 vocabuli
333 1658 441 1710 extremi
455 1659 567 1726 syllaba.
603 1657 669 1710 ilinc
684 1658 770 1710 brevis
788 1657 888 1726 syllaba
902 1655 999 1706 iudicio
1016 1671 1073 1704 esse
1090 1653 1213 1714 debebat,
1226 1649 1290 1700 turbs-

199 1740 254 1780 tum
268 1727 310 1780 hic
326 1743 384 1780 cnse
405 1728 543 1778 verborum
563 1728 690 1780 ordinem.
725 1729 811 1778 Unum
826 1737 965 1794 praeterea
978 1724 1072 1774 eodem
1084 1723 1151 1773 vitio
1162 1721 1290 1772 laborantem

199 1799 395 1868 hypermetrum
405 1797 523 1866 Heynins
538 1797 626 1848 futuro
639 1797 735 1848 editori
748 1795 934 1847 emendandum
946 1793 1054 1862 reliquit
1069 1794 1119 1844 Ge.
1132 1793 1175 1854 ill,
1185 1791 1236 1843 449.
1250 1785 1289 1836 llll

199 1865 349 1920 Weiclrert.
368 1865 510 1918 Commeat.
524 1868 543 1916 1.
565 1867 598 1918 de
617 1883 693 1920 versu
706 1877 841 1934 poetarum
854 1863 987 1932 epicorum
1004 1863 1184 1930 hypermetro.
1207 1855 1290 1926 pag-23

199 1935 252 1988 Sed
263 1935 385 2004 quoniam
397 1933 425 1984 in
439 1935 644 2004 disputationem
655 1935 689 1986 de
700 1953 775 1986 versu
790 1935 960 2003 hypermetro
974 1931 1123 1994 incidimur,
1135 1928 1223 2000 duplici
1234 1921 1290 1976 erud

200 2003 387 2056 occurrendum
401 2003 512 2056 videtur.
548 2007 609 2056 Nou
621 2015 694 2058 recte
708 2013 823 2068 censent,
841 2003 952 2072 opinor,
970 2013 1063 2070 poetas
1077 2001 1186 2051 Latinos
1199 2015 1226 2048 ea
1237 2010 1291 2064 pnu

199 2072 308 2124 Homeri
322 2071 466 2123 imitatione
488 2073 676 2141 hypermetros.
688 2073 855 2125 immiscuisse
871 2071 1028 2124 carminibus
1044 2071 1114 2130 suisa
1139 2067 1244 2137 equidem
1255 2079 1290 2112 esu

198 2159 255 2194 rem
267 2159 283 2192 a
295 2140 415 2208 Tragiois
435 2141 542 2194 Graecia
562 2143 701 2212 repetitam
721 2152 802 2224 puto,
826 2139 934 2192 infinitis
952 2139 1019 2192 locis
1039 2140 1159 2191 brevium
1171 2136 1291 2207 syllabam

200 2209 336 2267 elisionem
357 2209 385 2260 iu
403 2209 453 2260 fine
473 2209 634 2263 senariorum
648 2212 704 2264 ¹sibi
724 2211 932 2279 indulgentibus;
959 2227 1117 2278 quamquam
1132 2209 1182 2259 boc
1195 2201 1291 2257 nolimllt

200 2279 298 2346 accipi,
322 2279 396 2347 quasi
410 2279 604 2332 excusationem
618 2299 650 2334 ex
664 2299 694 2332 ea
708 2299 736 2332 re
751 2281 891 2350 Eploorum
905 2279 1061 2330 Latinorum
1073 2277 1195 2330 licentiae
1208 2283 1292 2342 paratam

202 2348 353 2401 existimem.
388 2349 455 2400 Tum
469 2365 562 2400 aureae
576 2351 669 2402 aetutis
682 2361 775 2420 poetas
790 2350 857 2400 falso
873 2349 946 2400 credi
959 2348 1061 2416 primos
1077 2347 1254 2416 hypermetrun
1264 2339 1304 2402 itt-l

201 2417 305 2470 duxisse
319 2417 347 2467 iu
367 2417 462 2485 poesin
476 2420 634 2482 Romanam,
658 2419 744 2488 arguit
755 2419 856 2470 Gellius
873 2419 952 2470 Noot.
974 2421 1030 2468 Δία
1043 2419 1105 2480 x1t,
1122 2419 1163 2470 2:
1185 2415 1237 2478 „De
1249 2410 1294 2459 Vlu-

202 2487 265 2556 gilio
284 2503 387 2556 quoque
400 2487 494 2538 eodem
507 2487 533 2538 iu
546 2487 607 2540 loco
620 2489 699 2540 verba
714 2489 780 2540 haec
793 2485 869 2556 pouit
881 2516 915 2526 -
929 2491 1028 2539 Seneca
1041 2505 1090 2537 -τ
1114 2485 1237 2555 Virgilius
1246 2497 1304 2548 qus>¹

202 2577 254 2628 que
268 2568 363 2608 noster
378 2575 433 2608 non
453 2574 486 2606 ex
506 2558 564 2608 aliu
584 2575 668 2610 causa
683 2557 769 2609 duros
785 2557 916 2627 quosdmu
931 2574 1032 2608 versus
1048 2567 1077 2606 et
1094 2571 1213 2607 enormes
1226 2547 1304 2602 stul*

202 2625 268 2697 quid
281 2643 367 2696 supra
377 2641 530 2676 euenturum
543 2627 686 2678 trahentes
698 2628 878 2698 interposuit,
897 2643 977 2696 quum
995 2637 1027 2675 ut
1039 2627 1188 2676 Enm'msus
1204 2617 1304 2703 populati

202 2707 364 2766 agnosceret
372 2695 401 2744 in
414 2711 487 2746 nouo
497 2697 616 2746 aurnuns
629 2695 733 2765 aliquid
750 2697 951 2765 antiquitatis.“
986 2697 1073 2762 Atque
1088 2711 1151 2744 ecce
1166 2692 1211 2742 tibi
1221 2689 1304 2754 hyper-l

202 2775 313 2816 metrum
322 2763 399 2814 Ennii
418 2779 444 2830 p.
458 2765 517 2817 116.
538 2763 601 2815 edit.
614 2765 731 2815 floenel:
758 2781 875 2831 „magns
894 2779 956 2814 ossa
972 2761 1120 2832 lacertique
1132 2755 1304 2832 Apparentur]

202 2833 304 2894 miui“;
328 2849 406 2900 quem
420 2831 509 2900 'ipsum
528 2851 630 2884 versum
652 2833 797 2885 imitatione
819 2831 947 2900 expressit
970 2832 1101 2899 Virgilius
1120 2836 1182 2884 Aeo.
1195 2831 1223 2891 V,
1241 2825 1304 2878 lii-1

203 2904 254 2966 „Et
264 2918 370 2968 magnos
385 2901 558 2952 membrorum
572 2914 651 2965 artus,
668 2919 786 2971 magua
804 2919 883 2954 ossa
899 2900 1120 2982 lacertosque
1133 2900 1209 2950 Exuit
1216 2901 1230 2926 ‘¹
1257 2895 1304 2980 Βῆ

203 2971 269 3023 otius
283 2981 368 3022 autem
379 2969 425 3020 illa
439 2971 522 3022 linuio
542 2970 622 3022 tribui
638 2971 773 3035 videntur,
799 2989 876 3040 qnam
891 2969 1011 3034 Lucilio,
1029 2987 1102 3021 curus
1120 2987 1208 3022 nomen
1219 2966 1241 3015 in
1252 2963 1292 3012 llu-

203 3039 287 3091 crobii
303 3039 447 3090 editiones
460 3041 578 3092 Pontuuo
592 3051 679 3092 curata
692 3040 881 3108 praescribitur
895 3039 913 3090 l.
927 3042 974 3104 Vl,
990 3043 1015 3093 1.
1044 3043 1134 3102 Quare
1142 3037 1237 3090 Ennium
1246 3047 1292 3100 qul·

203 3125 253 3176 que
266 3123 339 3158 tusum
352 3123 409 3158 csse
423 3107 606 3177 hypermetro,
625 3110 696 3178 quod
709 3120 788 3178 negat
802 3109 950 3161 Weicbert.
965 3127 1026 3177 pag.
1044 3109 1102 3174 ta,
1121 3125 1193 3160 nemo
1207 3105 1249 3156 iau
1259 3101 1304 3148 tlt-l

204 3175 312 3228 bitabit.
330 3205 364 3214 -
398 3177 442 3231 70.
460 3177 565 3230 sterilis
578 3187 606 3230 et
618 3179 744 3231 ualentes
759 3178 855 3231 Medic.
878 3179 949 3246 Wr.)

204 3353 263 3412 quo
290 3331 356 3392 illae
393 3332 513 3392 arbores
547 3335 658 3414 plantis
690 3355 743 3396 seu
786 3353 819 3396 re
833 3333 948 3413 aliquid
959 3354 991 3394 ae
1003 3335 1109 3395 videre
1127 3337 1239 3414 putant,
1255 3341 1291 3382 ¹¹⁴*

205 3419 332 3478 turmalis
343 3428 558 3496 procrearunt:
581 3419 618 3478 de
632 3421 743 3498 pulum
785 3429 896 3500 gantur
914 3419 981 3479 fieri
994 3439 1095 3499 posse:
1117 3441 1177 3479 non
1189 3411 1291 3500 enituit¹

204 3504 265 3564 vid.
277 3502 388 3562 Pallud.
414 3501 507 3583 lpn't
527 3525 591 3583 oap.
607 3505 637 3580 5,
652 3509 683 3580 2,
706 3505 744 3564 de
787 3507 845 3566 seri
861 3525 947 3584 posse
966 3507 1107 3565 arborem
1135 3501 1237 3572 utari,
1254 3493 1290 3552 ΕΒ]

204 3611 313 3670 quercu
323 3589 440 3648 Colum.
454 3589 505 3662 IV,
520 3593 571 3665 83,
586 3591 616 3654 5.
787 3591 970 3670 uulgaueria.
1015 3592 1108 3671 Negat
1124 3591 1198 3650 idem
1215 3589 1290 3642 sunu

247 3677 394 3738 69-72.
423 3675 529 3732 Insitio
551 3674 686 3734 restabat
705 3694 745 3734 ex
788 3676 1062 3756 praestantissimus
1083 3677 1221 3736 blillerus:
1237 3661 1289 3724 mul

204 3777 235 3818 v.
248 3763 289 3822 32
303 3778 345 3836 sq.
387 3757 508 3836 Optime
525 3758 670 3820 isnaeritur
690 3781 744 3818 un-
786 3761 907 3820 Martia.
923 3761 963 3820 ad
978 3760 1009 3820 h.
1023 3762 1042 3825 1.
1071 3762 1161 3842 Negat
1179 3747 1289 3816 sstiunlu

205 3841 273 3900 bum
284 3887 293 3917 ,
322 3843 354 3902 in
385 3843 509 3918 arbuto,
538 3844 570 3902 in
591 3843 752 3920 arbutum,‘
786 3845 894 3906 Hamel
937 3843 1108 3926 (Pity-rique
1139 3848 1187 3904 des
1211 3835 1290 3900 Alitts

207 3921 340 4004 (tenua
355 3947 388 3986 ea
401 3927 543 3986 dicituro
568 3931 680 3988 cortice
695 3928 745 3990 bi·
788 3931 820 3990 P.
837 3931 860 4006 1,
875 3931 1009 4006 Lm1v,
1021 3951 1048 3991 c.
1059 3933 1090 3995 4.
1104 3933 1165 3991 Ανί.
1182 3925 1234 3998 Vll.
1245 3933 1289 3999 lli·

100 4015 118 4060 “,
207 4009 290 4084 opido
311 4021 342 4072 et
360 4011 477 4092 aspero)
505 4033 586 4088 nux,
613 4017 745 4092 platoma
787 4016 830 4080 85
843 4013 936 4095 sqq),
972 4035 1041 4076 cum
1061 4027 1157 4076 um
1178 4011 1221 4070 alii
1236 4009 1304 4064 orno]

206 4093 396 4174 malua‚sago
411 4106 557 4174 castanea,
570 4119 640 4156 omo
652 4100 746 4178 pirus,
787 4119 818 4160 ee
844 4101 988 4160 interisse
1016 4103 1130 4181 pirum,
1156 4103 1287 4158 wlfflffl'

208 4177 330 4268 et'ulmo
342 4201 478 4256 quet-ctu.
499 4183 630 4262 Respicit
643 4184 745 4244 locum
788 4185 929 4263 quercui,
957 4195 1116 4248 testentur.
1141 4181 1213 4266 (vid
1234 4187 1286 4252 qun

168 4347 170 4356 y
207 4255 280 4314 Plu.
302 4261 368 4355 av,
393 4267 443 4340 15,
463 4287 486 4325 a.
508 4271 556 4330 17.
600 4269 743 4328 Tradun-
786 4271 893 4330 num
926 4271 1065 4332 mnia.
1089 4272 1120 4330 a
1141 4263 1246 4328 susle
1260 4251 1287 4310 ⁸³

206 4347 258 4395 tur
279 4339 493 4440 broimitionis
515 4371 636 4430 genera,
666 4373 743 4432 quae
786 4355 866 4434 Virg.
882 4357 988 4436 ocorg.
1001 4377 1031 4435 p.
1048 4355 1079 4419 l.
1104 4357 1166 4417 Wr.
1202 4347 1285 4406 Vnum

207 4439 226 4476 a
246 4433 354 4484 nostru
368 4429 547 4512 homitibus,
569 4438 621 4514 qai
633 4437 666 4496 in
684 4436 744 4498 bac
786 4449 818 4500 et
836 4441 952 4502 Colum.
974 4441 1026 4502 lib.
1046 4440 1081 4516 V,
1096 4351 1180 4518 lbi·
1195 4435 1228 4496 12
1244 4443 1284 4482 Ψ
