<?xml version="1.0" encoding="UTF-8"?>
<!DOCTYPE html PUBLIC "-//W3C//DTD XHTML 1.0 Transitional//EN"
    "http://www.w3.org/TR/xhtml1/DTD/xhtml1-transitional.dtd">
<html xmlns="http://www.w3.org/1999/xhtml" xml:lang="en" lang="en">
 <head>
  <title>
</title>
<meta http-equiv="Content-Type" content="text/html;charset=utf-8" />
  <meta name='ocr-system' content='tesseract 3.04.00' />
  <meta name='ocr-capabilities' content='ocr_page ocr_carea ocr_par ocr_line ocrx_word'/>
</head>
<body>
  <div class='ocr_page' id='page_1' title='image "./publiusvirgiliu00virggoog/publiusvirgiliu00virggoog_0046.png"; bbox 0 0 2784 4988; ppageno 0'>
   <div class='ocr_carea' id='block_1_1' title="bbox 270 405 1165 487">
    <p class='ocr_par' dir='ltr' id='par_1_1' title="bbox 270 405 1165 487">
     <span class='ocr_line' id='line_1_1' title="bbox 270 405 1165 487; baseline 0.003 -5"><span class='ocrx_word' id='word_1_1' title='bbox 270 405 544 484; x_wconf 86' lang='lat' dir='ltr'><strong>EDITIONIS</strong></span> <span class='ocrx_word' id='word_1_2' title='bbox 573 406 767 486; x_wconf 82' lang='lat' dir='ltr'><strong>PRIMAE</strong></span> <span class='ocrx_word' id='word_1_3' title='bbox 791 411 932 486; x_wconf 84' lang='lat' dir='ltr'><strong>vatt</strong></span> <span class='ocrx_word' id='word_1_4' title='bbox 1040 435 1165 487; x_wconf 83' lang='lat' dir='ltr'><strong>xxxvn</strong></span> 
     </span>
    </p>
   </div>
   <div class='ocr_carea' id='block_1_2' title="bbox 60 595 1288 2771">
    <p class='ocr_par' dir='ltr' id='par_1_2' title="bbox 60 595 1288 2771">
     <span class='ocr_line' id='line_1_2' title="bbox 70 595 1165 695; baseline 0.005 -29"><span class='ocrx_word' id='word_1_5' title='bbox 70 595 126 693; x_wconf 84' lang='lat' dir='ltr'><strong>sit,</strong></span> <span class='ocrx_word' id='word_1_6' title='bbox 148 607 206 668; x_wconf 80' lang='lat' dir='ltr'><strong>aut</strong></span> <span class='ocrx_word' id='word_1_7' title='bbox 243 597 394 672; x_wconf 89' lang='lat' dir='ltr'><strong>erroris</strong></span> <span class='ocrx_word' id='word_1_8' title='bbox 427 607 495 670; x_wconf 84' lang='lat' dir='ltr'><strong>aut</strong></span> <span class='ocrx_word' id='word_1_9' title='bbox 525 595 747 672; x_wconf 88' lang='lat' dir='ltr'><strong>omissionis</strong></span> <span class='ocrx_word' id='word_1_10' title='bbox 776 619 843 671; x_wconf 89' lang='lat' dir='ltr'><strong>me</strong></span> <span class='ocrx_word' id='word_1_11' title='bbox 869 617 1045 695; x_wconf 81' lang='lat' dir='ltr'><strong>arguere.</strong></span> <span class='ocrx_word' id='word_1_12' title='bbox 1096 599 1165 674; x_wconf 90' lang='lat' dir='ltr'><strong>Vi-</strong></span> 
     </span>
     <span class='ocr_line' id='line_1_3' title="bbox 70 696 1164 798; baseline 0.005 -28"><span class='ocrx_word' id='word_1_13' title='bbox 70 709 132 770; x_wconf 87' lang='lat' dir='ltr'><strong>tam</strong></span> <span class='ocrx_word' id='word_1_14' title='bbox 150 697 263 774; x_wconf 85' lang='lat' dir='ltr'><strong>etiam</strong></span> <span class='ocrx_word' id='word_1_15' title='bbox 280 697 435 798; x_wconf 87' lang='lat' dir='ltr'><strong>Virgilii</strong></span> <span class='ocrx_word' id='word_1_16' title='bbox 458 723 553 774; x_wconf 92' lang='lat' dir='ltr'><strong>meo</strong></span> <span class='ocrx_word' id='word_1_17' title='bbox 575 700 706 775; x_wconf 91' lang='lat' dir='ltr'><strong>studio</strong></span> <span class='ocrx_word' id='word_1_18' title='bbox 734 696 956 776; x_wconf 82' lang='lat' dir='ltr'><strong>confectam</strong></span> <span class='ocrx_word' id='word_1_19' title='bbox 971 699 1164 798; x_wconf 85' lang='lat' dir='ltr'><strong>subiunxi,</strong></span> 
     </span>
     <span class='ocr_line' id='line_1_4' title="bbox 70 799 1163 903; baseline 0.004 -29"><span class='ocrx_word' id='word_1_20' title='bbox 70 799 108 874; x_wconf 88' lang='lat' dir='ltr'><strong>de</strong></span> <span class='ocrx_word' id='word_1_21' title='bbox 126 826 191 900; x_wconf 87' lang='lat' dir='ltr'><strong>qua</strong></span> <span class='ocrx_word' id='word_1_22' title='bbox 213 803 389 903; x_wconf 90' lang='lat' dir='ltr'><strong>quidem</strong></span> <span class='ocrx_word' id='word_1_23' title='bbox 412 802 487 877; x_wconf 92' lang='lat' dir='ltr'><strong>sub</strong></span> <span class='ocrx_word' id='word_1_24' title='bbox 511 804 594 878; x_wconf 89' lang='lat' dir='ltr'><strong>eius</strong></span> <span class='ocrx_word' id='word_1_25' title='bbox 613 804 770 880; x_wconf 89' lang='lat' dir='ltr'><strong>initium</strong></span> <span class='ocrx_word' id='word_1_26' title='bbox 788 803 981 880; x_wconf 87' lang='lat' dir='ltr'><strong>nonnulla</strong></span> <span class='ocrx_word' id='word_1_27' title='bbox 1002 805 1163 898; x_wconf 89' lang='lat' dir='ltr'><strong>monui;</strong></span> 
     </span>
     <span class='ocr_line' id='line_1_5' title="bbox 67 905 1162 1008; baseline 0.004 -29"><span class='ocrx_word' id='word_1_28' title='bbox 67 924 133 980; x_wconf 84' lang='lat' dir='ltr'><strong>ron</strong></span> <span class='ocrx_word' id='word_1_29' title='bbox 163 918 297 982; x_wconf 87' lang='lat' dir='ltr'><strong>autem</strong></span> <span class='ocrx_word' id='word_1_30' title='bbox 327 905 577 987; x_wconf 79' lang='lat' dir='ltr'><strong>utilissimam</strong></span> <span class='ocrx_word' id='word_1_31' title='bbox 606 921 726 1008; x_wconf 88' lang='lat' dir='ltr'><strong>atque</strong></span> <span class='ocrx_word' id='word_1_32' title='bbox 757 907 876 982; x_wconf 87' lang='lat' dir='ltr'><strong>etiam</strong></span> <span class='ocrx_word' id='word_1_33' title='bbox 902 909 1162 986; x_wconf 84' lang='lat' dir='ltr'><strong>necessariam</strong></span> 
     </span>
     <span class='ocr_line' id='line_1_6' title="bbox 66 1009 1162 1112; baseline 0.005 -30"><span class='ocrx_word' id='word_1_34' title='bbox 66 1009 232 1109; x_wconf 82' lang='lat' dir='ltr'>suscipere</span> <span class='ocrx_word' id='word_1_35' title='bbox 260 1011 423 1111; x_wconf 79' lang='lat' dir='ltr'><strong>putavi,</strong></span> <span class='ocrx_word' id='word_1_36' title='bbox 460 1034 551 1085; x_wconf 92' lang='lat' dir='ltr'><strong>cum</strong></span> <span class='ocrx_word' id='word_1_37' title='bbox 578 1010 660 1085; x_wconf 86' lang='lat' dir='ltr'><strong>aliis</strong></span> <span class='ocrx_word' id='word_1_38' title='bbox 691 1011 743 1088; x_wconf 89' lang='lat' dir='ltr'><strong>de</strong></span> <span class='ocrx_word' id='word_1_39' title='bbox 765 1011 923 1108; x_wconf 82' lang='lat' dir='ltr'><strong>caussis,</strong></span> <span class='ocrx_word' id='word_1_40' title='bbox 956 1023 1043 1088; x_wconf 92' lang='lat' dir='ltr'><strong>tum</strong></span> <span class='ocrx_word' id='word_1_41' title='bbox 1066 1037 1162 1112; x_wconf 89' lang='lat' dir='ltr'><strong>pro-</strong></span> 
     </span>
     <span class='ocr_line' id='line_1_7' title="bbox 65 1111 1163 1216; baseline 0.005 -32"><span class='ocrx_word' id='word_1_42' title='bbox 65 1123 188 1211; x_wconf 86' lang='lat' dir='ltr'><strong>pterea,</strong></span> <span class='ocrx_word' id='word_1_43' title='bbox 221 1113 343 1214; x_wconf 88' lang='lat' dir='ltr'><strong>quod</strong></span> <span class='ocrx_word' id='word_1_44' title='bbox 370 1111 497 1190; x_wconf 82' lang='lat' dir='ltr'><strong>multa</strong></span> <span class='ocrx_word' id='word_1_45' title='bbox 518 1114 558 1188; x_wconf 93' lang='lat' dir='ltr'><strong>in</strong></span> <span class='ocrx_word' id='word_1_46' title='bbox 581 1113 756 1213; x_wconf 79' lang='lat' dir='ltr'><strong>Eclogis‚</strong></span> <span class='ocrx_word' id='word_1_47' title='bbox 784 1113 909 1190; x_wconf 75' lang='lat' dir='ltr'><strong>multa</strong></span> <span class='ocrx_word' id='word_1_48' title='bbox 931 1115 972 1190; x_wconf 93' lang='lat' dir='ltr'><strong>in</strong></span> <span class='ocrx_word' id='word_1_49' title='bbox 997 1117 1163 1216; x_wconf 86' lang='lat' dir='ltr'><strong>Georgi-</strong></span> 
     </span>
     <span class='ocr_line' id='line_1_8' title="bbox 65 1215 1161 1318; baseline 0.005 -31"><span class='ocrx_word' id='word_1_50' title='bbox 65 1215 116 1307; x_wconf 75' lang='lat' dir='ltr'><strong>ds,</strong></span> <span class='ocrx_word' id='word_1_51' title='bbox 139 1217 315 1318; x_wconf 87' lang='lat' dir='ltr'><strong>cpisodia</strong></span> <span class='ocrx_word' id='word_1_52' title='bbox 338 1217 458 1295; x_wconf 87' lang='lat' dir='ltr'><strong>etiam</strong></span> <span class='ocrx_word' id='word_1_53' title='bbox 480 1217 673 1293; x_wconf 87' lang='lat' dir='ltr'><strong>nonnulla</strong></span> <span class='ocrx_word' id='word_1_54' title='bbox 697 1217 739 1294; x_wconf 91' lang='lat' dir='ltr'><strong>in</strong></span> <span class='ocrx_word' id='word_1_55' title='bbox 768 1217 965 1315; x_wconf 82' lang='lat' dir='ltr'>Aeneide,</span> <span class='ocrx_word' id='word_1_56' title='bbox 1007 1243 1054 1295; x_wconf 87' lang='lat' dir='ltr'><strong>ex</strong></span> <span class='ocrx_word' id='word_1_57' title='bbox 1083 1219 1161 1295; x_wconf 90' lang='lat' dir='ltr'><strong>rei-</strong></span> 
     </span>
     <span class='ocr_line' id='line_1_9' title="bbox 62 1316 1162 1424; baseline 0.003 -31"><span class='ocrx_word' id='word_1_58' title='bbox 62 1316 145 1417; x_wconf 71' lang='lat' dir='ltr'><strong>publ</strong></span> <span class='ocrx_word' id='word_1_59' title='bbox 160 1323 336 1400; x_wconf 88' lang='lat' dir='ltr'><strong>Roman.</strong></span> <span class='ocrx_word' id='word_1_60' title='bbox 361 1329 465 1396; x_wconf 82' lang='lat' dir='ltr'><strong>statu</strong></span> <span class='ocrx_word' id='word_1_61' title='bbox 488 1334 529 1396; x_wconf 88' lang='lat' dir='ltr'><strong>et</strong></span> <span class='ocrx_word' id='word_1_62' title='bbox 545 1319 777 1398; x_wconf 89' lang='lat' dir='ltr'><strong>conditione</strong></span> <span class='ocrx_word' id='word_1_63' title='bbox 793 1343 1018 1424; x_wconf 86' lang='lat' dir='ltr'><strong>eorumque</strong></span> <span class='ocrx_word' id='word_1_64' title='bbox 1036 1345 1162 1398; x_wconf 90' lang='lat' dir='ltr'><strong>auno-</strong></span> 
     </span>
     <span class='ocr_line' id='line_1_10' title="bbox 61 1423 1162 1526; baseline 0.003 -30"><span class='ocrx_word' id='word_1_65' title='bbox 61 1423 273 1500; x_wconf 87' lang='lat' dir='ltr'><strong>rum·rebus</strong></span> <span class='ocrx_word' id='word_1_66' title='bbox 308 1423 431 1523; x_wconf 82' lang='lat' dir='ltr'><strong>gestis</strong></span> <span class='ocrx_word' id='word_1_67' title='bbox 463 1423 689 1525; x_wconf 83' lang='lat' dir='ltr'><strong>explicanda</strong></span> <span class='ocrx_word' id='word_1_68' title='bbox 722 1437 824 1502; x_wconf 90' lang='lat' dir='ltr'><strong>sunt</strong></span> <span class='ocrx_word' id='word_1_69' title='bbox 876 1427 1016 1526; x_wconf 85' lang='lat' dir='ltr'><strong>Itaque</strong></span> <span class='ocrx_word' id='word_1_70' title='bbox 1044 1425 1162 1502; x_wconf 87' lang='lat' dir='ltr'><strong>etiam</strong></span> 
     </span>
     <span class='ocr_line' id='line_1_11' title="bbox 63 1527 1161 1630; baseline 0.003 -31"><span class='ocrx_word' id='word_1_71' title='bbox 63 1549 90 1599; x_wconf 91' lang='lat' dir='ltr'><strong>n</strong></span> <span class='ocrx_word' id='word_1_72' title='bbox 107 1527 198 1602; x_wconf 84' lang='lat' dir='ltr'><strong>notis</strong></span> <span class='ocrx_word' id='word_1_73' title='bbox 222 1541 265 1604; x_wconf 90' lang='lat' dir='ltr'><strong>et</strong></span> <span class='ocrx_word' id='word_1_74' title='bbox 285 1529 335 1603; x_wconf 90' lang='lat' dir='ltr'><strong>in</strong></span> <span class='ocrx_word' id='word_1_75' title='bbox 358 1527 451 1630; x_wconf 84' lang='lat' dir='ltr'><strong>ipsis</strong></span> <span class='ocrx_word' id='word_1_76' title='bbox 473 1529 712 1626; x_wconf 82' lang='lat' dir='ltr'><strong>argumentis</strong></span> <span class='ocrx_word' id='word_1_77' title='bbox 722 1527 962 1627; x_wconf 84' lang='lat' dir='ltr'><strong>Eclogarum</strong></span> <span class='ocrx_word' id='word_1_78' title='bbox 977 1541 1018 1604; x_wconf 88' lang='lat' dir='ltr'><strong>et</strong></span> <span class='ocrx_word' id='word_1_79' title='bbox 1035 1530 1161 1605; x_wconf 86' lang='lat' dir='ltr'><strong>Geor-</strong></span> 
     </span>
     <span class='ocr_line' id='line_1_12' title="bbox 61 1629 1161 1731; baseline 0.002 -25"><span class='ocrx_word' id='word_1_80' title='bbox 61 1629 227 1730; x_wconf 76' lang='lat' dir='ltr'><strong>gicorum,</strong></span> <span class='ocrx_word' id='word_1_81' title='bbox 272 1633 318 1710; x_wconf 93' lang='lat' dir='ltr'><strong>in</strong></span> <span class='ocrx_word' id='word_1_82' title='bbox 360 1631 503 1731; x_wconf 87' lang='lat' dir='ltr'><strong>quibus</strong></span> <span class='ocrx_word' id='word_1_83' title='bbox 540 1644 722 1708; x_wconf 88' lang='lat' dir='ltr'><strong>naturam</strong></span> <span class='ocrx_word' id='word_1_84' title='bbox 753 1645 793 1708; x_wconf 88' lang='lat' dir='ltr'><strong>et</strong></span> <span class='ocrx_word' id='word_1_85' title='bbox 827 1645 953 1708; x_wconf 89' lang='lat' dir='ltr'><strong>artem</strong></span> <span class='ocrx_word' id='word_1_86' title='bbox 979 1632 1161 1708; x_wconf 83' lang='lat' dir='ltr'><strong>carminis</strong></span> 
     </span>
     <span class='ocr_line' id='line_1_13' title="bbox 61 1732 1160 1834; baseline 0.005 -27"><span class='ocrx_word' id='word_1_87' title='bbox 61 1736 282 1832; x_wconf 79' lang='lat' dir='ltr'><strong>potissimum</strong></span> <span class='ocrx_word' id='word_1_88' title='bbox 315 1733 480 1810; x_wconf 79' lang='lat' dir='ltr'>tradere</span> <span class='ocrx_word' id='word_1_89' title='bbox 517 1732 721 1834; x_wconf 82' lang='lat' dir='ltr'><strong>volebam,</strong></span> <span class='ocrx_word' id='word_1_90' title='bbox 757 1734 952 1811; x_wconf 83' lang='lat' dir='ltr'><strong>nonnulla</strong></span> <span class='ocrx_word' id='word_1_91' title='bbox 980 1759 1160 1812; x_wconf 87' lang='lat' dir='ltr'><strong>comme-</strong></span> 
     </span>
     <span class='ocr_line' id='line_1_14' title="bbox 62 1838 1159 1942; baseline 0.004 -32"><span class='ocrx_word' id='word_1_92' title='bbox 62 1840 199 1936; x_wconf 80' lang='lat' dir='ltr'><strong>moravi,</strong></span> <span class='ocrx_word' id='word_1_93' title='bbox 235 1861 350 1942; x_wconf 86' lang='lat' dir='ltr'><strong>quae</strong></span> <span class='ocrx_word' id='word_1_94' title='bbox 372 1838 422 1912; x_wconf 88' lang='lat' dir='ltr'><strong>ad</strong></span> <span class='ocrx_word' id='word_1_95' title='bbox 451 1852 651 1939; x_wconf 88' lang='lat' dir='ltr'><strong>tempora,</strong></span> <span class='ocrx_word' id='word_1_96' title='bbox 687 1840 729 1914; x_wconf 91' lang='lat' dir='ltr'><strong>iu</strong></span> <span class='ocrx_word' id='word_1_97' title='bbox 753 1839 896 1942; x_wconf 81' lang='lat' dir='ltr'><strong>quibus</strong></span> <span class='ocrx_word' id='word_1_98' title='bbox 919 1864 964 1915; x_wconf 87' lang='lat' dir='ltr'><strong>ea</strong></span> <span class='ocrx_word' id='word_1_99' title='bbox 987 1839 1159 1916; x_wconf 86' lang='lat' dir='ltr'><strong>carmina</strong></span> 
     </span>
     <span class='ocr_line' id='line_1_15' title="bbox 62 1940 1288 2042; baseline 0.002 -26"><span class='ocrx_word' id='word_1_100' title='bbox 62 1943 313 2042; x_wconf 73' lang='lat' dir='ltr'><strong>scuposam,</strong></span> <span class='ocrx_word' id='word_1_101' title='bbox 355 1940 632 2039; x_wconf 86' lang='lat' dir='ltr'><strong>cognoscenda</strong></span> <span class='ocrx_word' id='word_1_102' title='bbox 658 1954 892 2042; x_wconf 86' lang='lat' dir='ltr'><strong>spectarent</strong></span> <span class='ocrx_word' id='word_1_103' title='bbox 943 1943 1026 2020; x_wconf 89' lang='lat' dir='ltr'><strong>Nisi</strong></span> <span class='ocrx_word' id='word_1_104' title='bbox 1050 1944 1159 2019; x_wconf 89' lang='lat' dir='ltr'><strong>enim</strong></span> <span class='ocrx_word' id='word_1_105' title='bbox 1286 1989 1288 1993; x_wconf 65' lang='lat'>,</span> 
     </span>
     <span class='ocr_line' id='line_1_16' title="bbox 61 2041 1158 2147; baseline 0.005 -29"><span class='ocrx_word' id='word_1_106' title='bbox 61 2044 132 2142; x_wconf 78' lang='lat' dir='ltr'><strong>rita,</strong></span> <span class='ocrx_word' id='word_1_107' title='bbox 170 2045 379 2142; x_wconf 86' lang='lat' dir='ltr'><strong>conditio,</strong></span> <span class='ocrx_word' id='word_1_108' title='bbox 421 2041 584 2120; x_wconf 86' lang='lat' dir='ltr'><strong>fortuna</strong></span> <span class='ocrx_word' id='word_1_109' title='bbox 620 2052 806 2144; x_wconf 87' lang='lat' dir='ltr'><strong>auctoris,</strong></span> <span class='ocrx_word' id='word_1_110' title='bbox 844 2059 886 2122; x_wconf 90' lang='lat' dir='ltr'><strong>et</strong></span> <span class='ocrx_word' id='word_1_111' title='bbox 909 2044 1066 2147; x_wconf 90' lang='lat' dir='ltr'><strong>publica</strong></span> <span class='ocrx_word' id='word_1_112' title='bbox 1093 2071 1158 2123; x_wconf 87' lang='lat' dir='ltr'><strong>re-</strong></span> 
     </span>
     <span class='ocr_line' id='line_1_17' title="bbox 61 2146 1214 2249; baseline 0.004 -27"><span class='ocrx_word' id='word_1_113' title='bbox 61 2172 128 2222; x_wconf 88' lang='lat' dir='ltr'><strong>mm</strong></span> <span class='ocrx_word' id='word_1_114' title='bbox 143 2146 277 2248; x_wconf 81' lang='lat' dir='ltr'><strong>facies,</strong></span> <span class='ocrx_word' id='word_1_115' title='bbox 310 2172 438 2249; x_wconf 87' lang='lat' dir='ltr'><strong>quam</strong></span> <span class='ocrx_word' id='word_1_116' title='bbox 460 2149 546 2248; x_wconf 91' lang='lat' dir='ltr'><strong>ipse</strong></span> <span class='ocrx_word' id='word_1_117' title='bbox 573 2161 664 2224; x_wconf 88' lang='lat' dir='ltr'><strong>ante</strong></span> <span class='ocrx_word' id='word_1_118' title='bbox 686 2148 824 2225; x_wconf 92' lang='lat' dir='ltr'><strong>oculos</strong></span> <span class='ocrx_word' id='word_1_119' title='bbox 840 2148 1030 2248; x_wconf 89' lang='lat' dir='ltr'><strong>habebat,</strong></span> <span class='ocrx_word' id='word_1_120' title='bbox 1066 2173 1175 2249; x_wconf 88' lang='lat' dir='ltr'><strong>cum</strong></span> <span class='ocrx_word' id='word_1_121' title='bbox 1213 2148 1214 2152; x_wconf 64' lang='grc'>’</span> 
     </span>
     <span class='ocr_line' id='line_1_18' title="bbox 61 2248 1159 2356; baseline 0 -26"><span class='ocrx_word' id='word_1_122' title='bbox 61 2251 234 2352; x_wconf 68' lang='lat' dir='ltr'><strong>smeret,</strong></span> <span class='ocrx_word' id='word_1_123' title='bbox 268 2264 377 2328; x_wconf 85' lang='lat' dir='ltr'><strong>nota</strong></span> <span class='ocrx_word' id='word_1_124' title='bbox 397 2251 464 2348; x_wconf 92' lang='lat' dir='ltr'><strong>sit,</strong></span> <span class='ocrx_word' id='word_1_125' title='bbox 488 2248 614 2326; x_wconf 88' lang='lat' dir='ltr'><strong>multa</strong></span> <span class='ocrx_word' id='word_1_126' title='bbox 635 2252 676 2326; x_wconf 92' lang='lat' dir='ltr'><strong>in</strong></span> <span class='ocrx_word' id='word_1_127' title='bbox 695 2277 946 2356; x_wconf 76' lang='lat' dir='ltr'><strong>unoquoque</strong></span> <span class='ocrx_word' id='word_1_128' title='bbox 966 2254 1159 2356; x_wconf 78' lang='lat' dir='ltr'><strong>scriptore</strong></span> 
     </span>
     <span class='ocr_line' id='line_1_19' title="bbox 61 2353 1157 2456; baseline 0.006 -28"><span class='ocrx_word' id='word_1_129' title='bbox 61 2353 195 2432; x_wconf 85' lang='lat' dir='ltr'><strong>obscura</strong></span> <span class='ocrx_word' id='word_1_130' title='bbox 231 2379 313 2433; x_wconf 86' lang='lat' dir='ltr'><strong>nec</strong></span> <span class='ocrx_word' id='word_1_131' title='bbox 353 2355 442 2430; x_wconf 88' lang='lat' dir='ltr'><strong>satis</strong></span> <span class='ocrx_word' id='word_1_132' title='bbox 482 2353 662 2456; x_wconf 85' lang='lat' dir='ltr'><strong>expedita</strong></span> <span class='ocrx_word' id='word_1_133' title='bbox 697 2379 861 2433; x_wconf 89' lang='lat' dir='ltr'><strong>manere</strong></span> <span class='ocrx_word' id='word_1_134' title='bbox 893 2381 1057 2434; x_wconf 84' lang='lat' dir='ltr'><strong>necesse</strong></span> <span class='ocrx_word' id='word_1_135' title='bbox 1088 2371 1157 2437; x_wconf 84' lang='lat' dir='ltr'><strong>est</strong></span> 
     </span>
     <span class='ocr_line' id='line_1_20' title="bbox 61 2457 1158 2563; baseline 0.001 -28"><span class='ocrx_word' id='word_1_136' title='bbox 61 2459 307 2556; x_wconf 79' lang='lat' dir='ltr'><strong>Quamobrem</strong></span> <span class='ocrx_word' id='word_1_137' title='bbox 342 2457 423 2534; x_wconf 93' lang='lat' dir='ltr'><strong>hoc</strong></span> <span class='ocrx_word' id='word_1_138' title='bbox 443 2457 777 2559; x_wconf 82' lang='lat' dir='ltr'><strong>interpretationis</strong></span> <span class='ocrx_word' id='word_1_139' title='bbox 799 2481 942 2558; x_wconf 86' lang='lat' dir='ltr'><strong>genus,</strong></span> <span class='ocrx_word' id='word_1_140' title='bbox 975 2459 1088 2563; x_wconf 85' lang='lat' dir='ltr'><strong>quod</strong></span> <span class='ocrx_word' id='word_1_141' title='bbox 1112 2484 1158 2537; x_wconf 87' lang='lat' dir='ltr'><strong>ex</strong></span> 
     </span>
     <span class='ocr_line' id='line_1_21' title="bbox 60 2560 1158 2665; baseline 0.004 -30"><span class='ocrx_word' id='word_1_142' title='bbox 60 2563 214 2641; x_wconf 81' lang='lat' dir='ltr'><strong>interiore</strong></span> <span class='ocrx_word' id='word_1_143' title='bbox 230 2560 439 2640; x_wconf 91' lang='lat' dir='ltr'><strong>eiusmodi</strong></span> <span class='ocrx_word' id='word_1_144' title='bbox 452 2560 637 2638; x_wconf 87' lang='lat' dir='ltr'><strong>historiae</strong></span> <span class='ocrx_word' id='word_1_145' title='bbox 653 2561 792 2638; x_wconf 88' lang='lat' dir='ltr'><strong>notitia</strong></span> <span class='ocrx_word' id='word_1_146' title='bbox 805 2565 976 2665; x_wconf 90' lang='lat' dir='ltr'><strong>petitum</strong></span> <span class='ocrx_word' id='word_1_147' title='bbox 992 2577 1070 2662; x_wconf 87' lang='lat' dir='ltr'><strong>est,</strong></span> <span class='ocrx_word' id='word_1_148' title='bbox 1095 2565 1158 2640; x_wconf 90' lang='lat' dir='ltr'><strong>in-</strong></span> 
     </span>
     <span class='ocr_line' id='line_1_22' title="bbox 62 2665 888 2771; baseline -0.001 -27"><span class='ocrx_word' id='word_1_149' title='bbox 62 2667 164 2766; x_wconf 83' lang='lat' dir='ltr'><strong>primis</strong></span> <span class='ocrx_word' id='word_1_150' title='bbox 179 2665 446 2771; x_wconf 86' lang='lat' dir='ltr'><strong>probandum</strong></span> <span class='ocrx_word' id='word_1_151' title='bbox 464 2689 548 2742; x_wconf 90' lang='lat' dir='ltr'><strong>esse</strong></span> <span class='ocrx_word' id='word_1_152' title='bbox 566 2666 743 2743; x_wconf 84' lang='lat' dir='ltr'><strong>existimo</strong></span> <span class='ocrx_word' id='word_1_153' title='bbox 750 2671 801 2765; x_wconf 83' lang='lat'><strong>*).</strong></span> <span class='ocrx_word' id='word_1_154' title='bbox 884 2698 888 2710; x_wconf 86' lang='lat'>·</span> 
     </span>
    </p>
   </div>
   <div class='ocr_carea' id='block_1_3' title="bbox 14 2849 1156 3043">
    <p class='ocr_par' dir='ltr' id='par_1_3' title="bbox 14 2849 1156 3043">
     <span class='ocr_line' id='line_1_23' title="bbox 14 2849 1156 3024; baseline -0.006 -81"><span class='ocrx_word' id='word_1_155' title='bbox 14 2849 16 2870; x_wconf 50' lang='lat'><strong>¹</strong></span> <span class='ocrx_word' id='word_1_156' title='bbox 94 2877 303 3024; x_wconf 46' lang='grc' dir='ltr'><strong>Ιἔλὸιιίιὶἰιιίιιιι</strong></span> <span class='ocrx_word' id='word_1_157' title='bbox 323 2877 378 2940; x_wconf 85' lang='lat' dir='ltr'><strong>hic</strong></span> <span class='ocrx_word' id='word_1_158' title='bbox 394 2897 433 2939; x_wconf 82' lang='lat' dir='ltr'><strong>ex</strong></span> <span class='ocrx_word' id='word_1_159' title='bbox 453 2879 556 2959; x_wconf 78' lang='lat' dir='ltr'><strong>priore</strong></span> <span class='ocrx_word' id='word_1_160' title='bbox 575 2875 708 2937; x_wconf 78' lang='lat' dir='ltr'><strong>editione</strong></span> <span class='ocrx_word' id='word_1_161' title='bbox 724 2871 868 2952; x_wconf 79' lang='lat' dir='ltr'><strong>disticho,</strong></span> <span class='ocrx_word' id='word_1_162' title='bbox 890 2875 998 2954; x_wconf 85' lang='lat' dir='ltr'><strong>quibus</strong></span> <span class='ocrx_word' id='word_1_163' title='bbox 1017 2895 1081 2937; x_wconf 80' lang='lat' dir='ltr'><strong>eam</strong></span> <span class='ocrx_word' id='word_1_164' title='bbox 1103 2879 1156 2936; x_wconf 83' lang='lat' dir='ltr'><strong>Fr.</strong></span> 
     </span>
     <span class='ocr_line' id='line_1_24' title="bbox 63 2961 820 3043; baseline -0.009 -15"><span class='ocrx_word' id='word_1_165' title='bbox 63 2961 104 3022; x_wconf 78' lang='lat' dir='ltr'><em>W</em></span> <span class='ocrx_word' id='word_1_166' title='bbox 131 2967 267 3043; x_wconf 68' lang='lat' dir='ltr'><strong>doloro,</strong></span> <span class='ocrx_word' id='word_1_167' title='bbox 294 2964 576 3041; x_wconf 76' lang='lat' dir='ltr'><strong>amidssimoviro,</strong></span> <span class='ocrx_word' id='word_1_168' title='bbox 597 2963 820 3042; x_wconf 77' lang='lat' dir='ltr'><strong>inscripserant.</strong></span> 
     </span>
    </p>
   </div>
   <div class='ocr_carea' id='block_1_4' title="bbox 326 3299 857 3364">
    <p class='ocr_par' dir='ltr' id='par_1_4' title="bbox 326 3299 857 3364">
     <span class='ocr_line' id='line_1_25' title="bbox 326 3299 857 3364; baseline -0.008 0"><span class='ocrx_word' id='word_1_169' title='bbox 326 3299 857 3364; x_wconf 75' lang='lat' dir='ltr'><strong>tlnotntos</strong></span> 
     </span>
    </p>
   </div>
   <div class='ocr_carea' id='block_1_5' title="bbox 14 3489 1158 4498">
    <p class='ocr_par' dir='ltr' id='par_1_5' title="bbox 125 3489 988 3676">
     <span class='ocr_line' id='line_1_26' title="bbox 125 3489 908 3570; baseline -0.005 -18"><span class='ocrx_word' id='word_1_170' title='bbox 125 3493 237 3565; x_wconf 71' lang='lat' dir='ltr'><strong>siuti,</strong></span> <span class='ocrx_word' id='word_1_171' title='bbox 259 3493 316 3554; x_wconf 86' lang='lat' dir='ltr'><strong>oui</strong></span> <span class='ocrx_word' id='word_1_172' title='bbox 337 3499 421 3552; x_wconf 88' lang='lat' dir='ltr'><strong>recte</strong></span> <span class='ocrx_word' id='word_1_173' title='bbox 440 3489 542 3553; x_wconf 79' lang='lat' dir='ltr'><strong>trades</strong></span> <span class='ocrx_word' id='word_1_174' title='bbox 562 3507 625 3566; x_wconf 88' lang='lat' dir='ltr'><strong>me,</strong></span> <span class='ocrx_word' id='word_1_175' title='bbox 647 3489 817 3568; x_wconf 77' lang='lat' dir='ltr'><strong>quaeritur,</strong></span> <span class='ocrx_word' id='word_1_176' title='bbox 843 3491 908 3570; x_wconf 80' lang='lat' dir='ltr'><strong>ipsa</strong></span> 
     </span>
     <span class='ocr_line' id='line_1_27' title="bbox 157 3590 988 3676; baseline -0.012 -19"><span class='ocrx_word' id='word_1_177' title='bbox 157 3597 320 3676; x_wconf 80' lang='lat' dir='ltr'><strong>Quemque</strong></span> <span class='ocrx_word' id='word_1_178' title='bbox 341 3594 449 3659; x_wconf 71' lang='lat' dir='ltr'><strong>Thalia</strong></span> <span class='ocrx_word' id='word_1_179' title='bbox 470 3593 595 3675; x_wconf 83' lang='lat' dir='ltr'><strong>probet,</strong></span> <span class='ocrx_word' id='word_1_180' title='bbox 617 3591 724 3671; x_wconf 89' lang='lat' dir='ltr'><strong>cuique</strong></span> <span class='ocrx_word' id='word_1_181' title='bbox 744 3591 863 3673; x_wconf 78' lang='lat' dir='ltr'><strong>placere</strong></span> <span class='ocrx_word' id='word_1_182' title='bbox 883 3590 988 3652; x_wconf 79' lang='lat' dir='ltr'><strong>velim:</strong></span> 
     </span>
    </p>

    <p class='ocr_par' dir='ltr' id='par_1_6' title="bbox 122 3695 951 3880">
     <span class='ocr_line' id='line_1_28' title="bbox 122 3695 951 3778; baseline -0.002 -21"><span class='ocrx_word' id='word_1_183' title='bbox 122 3697 198 3758; x_wconf 70' lang='lat' dir='ltr'><strong>tude</strong></span> <span class='ocrx_word' id='word_1_184' title='bbox 217 3709 359 3763; x_wconf 64' lang='lat' dir='ltr'><strong>munere</strong></span> <span class='ocrx_word' id='word_1_185' title='bbox 380 3717 469 3778; x_wconf 79' lang='lat' dir='ltr'><strong>opes3</strong></span> <span class='ocrx_word' id='word_1_186' title='bbox 490 3699 558 3777; x_wconf 68' lang='lat' dir='ltr'><strong>sarge</strong></span> <span class='ocrx_word' id='word_1_187' title='bbox 576 3695 693 3756; x_wconf 80' lang='lat' dir='ltr'><strong>lubrice</strong></span> <span class='ocrx_word' id='word_1_188' title='bbox 712 3695 816 3756; x_wconf 80' lang='lat' dir='ltr'><strong>limina</strong></span> <span class='ocrx_word' id='word_1_189' title='bbox 838 3713 951 3774; x_wconf 79' lang='lat' dir='ltr'><strong>regum.</strong></span> 
     </span>
     <span class='ocr_line' id='line_1_29' title="bbox 163 3796 939 3880; baseline -0.012 -15"><span class='ocrx_word' id='word_1_190' title='bbox 163 3801 245 3878; x_wconf 77' lang='lat' dir='ltr'><strong>Qm</strong></span> <span class='ocrx_word' id='word_1_191' title='bbox 265 3802 366 3880; x_wconf 84' lang='lat' dir='ltr'><strong>colui,</strong></span> <span class='ocrx_word' id='word_1_192' title='bbox 387 3799 473 3860; x_wconf 79' lang='lat' dir='ltr'><strong>haud</strong></span> <span class='ocrx_word' id='word_1_193' title='bbox 494 3817 596 3860; x_wconf 82' lang='lat' dir='ltr'><strong>omues</strong></span> <span class='ocrx_word' id='word_1_194' title='bbox 618 3799 748 3860; x_wconf 82' lang='lat' dir='ltr'><strong>Caesaris</strong></span> <span class='ocrx_word' id='word_1_195' title='bbox 769 3797 838 3858; x_wconf 77' lang='lat' dir='ltr'><strong>auh</strong></span> <span class='ocrx_word' id='word_1_196' title='bbox 858 3796 939 3857; x_wconf 81' lang='lat' dir='ltr'><strong>tulit.</strong></span> 
     </span>
    </p>

    <p class='ocr_par' dir='ltr' id='par_1_7' title="bbox 124 3900 921 4090">
     <span class='ocr_line' id='line_1_30' title="bbox 124 3900 855 3984; baseline -0.003 -20"><span class='ocrx_word' id='word_1_197' title='bbox 124 3903 170 3964; x_wconf 80' lang='lat' dir='ltr'><strong>su</strong></span> <span class='ocrx_word' id='word_1_198' title='bbox 187 3907 320 3966; x_wconf 66' lang='lat' dir='ltr'><strong>tolenea</strong></span> <span class='ocrx_word' id='word_1_199' title='bbox 341 3901 417 3964; x_wconf 83' lang='lat' dir='ltr'><strong>mihi</strong></span> <span class='ocrx_word' id='word_1_200' title='bbox 437 3900 555 3966; x_wconf 69' lang='lat' dir='ltr'><strong>modia</strong></span> <span class='ocrx_word' id='word_1_201' title='bbox 574 3901 656 3962; x_wconf 75' lang='lat' dir='ltr'><strong>lenta</strong></span> <span class='ocrx_word' id='word_1_202' title='bbox 676 3901 855 3984; x_wconf 72' lang='lat' dir='ltr'><strong>potentum!</strong></span> 
     </span>
     <span class='ocr_line' id='line_1_31' title="bbox 161 4003 921 4090; baseline -0.012 -21"><span class='ocrx_word' id='word_1_203' title='bbox 161 4009 249 4090; x_wconf 65' lang='lat' dir='ltr'><strong>Saepe</strong></span> <span class='ocrx_word' id='word_1_204' title='bbox 269 4009 351 4068; x_wconf 80' lang='lat' dir='ltr'><strong>ulter</strong></span> <span class='ocrx_word' id='word_1_205' title='bbox 376 4007 497 4066; x_wconf 68' lang='lat' dir='ltr'><strong>navos</strong></span> <span class='ocrx_word' id='word_1_206' title='bbox 516 4015 554 4065; x_wconf 85' lang='lat' dir='ltr'><strong>tu</strong></span> <span class='ocrx_word' id='word_1_207' title='bbox 574 4003 661 4082; x_wconf 87' lang='lat' dir='ltr'><strong>mihi,</strong></span> <span class='ocrx_word' id='word_1_208' title='bbox 685 4005 815 4078; x_wconf 77' lang='lat' dir='ltr'><strong>Caesar,</strong></span> <span class='ocrx_word' id='word_1_209' title='bbox 841 4003 921 4062; x_wconf 82' lang='lat' dir='ltr'><strong>eras!</strong></span> 
     </span>
    </p>

    <p class='ocr_par' dir='ltr' id='par_1_8' title="bbox 14 4101 1158 4190">
     <span class='ocr_line' id='line_1_32' title="bbox 14 4101 1158 4190; baseline -0.011 -20"><span class='ocrx_word' id='word_1_210' title='bbox 14 4131 16 4170; x_wconf 85' lang='grc' dir='ltr'>ι</span> <span class='ocrx_word' id='word_1_211' title='bbox 126 4107 202 4171; x_wconf 76' lang='lat' dir='ltr'><strong>Nunc</strong></span> <span class='ocrx_word' id='word_1_212' title='bbox 223 4111 300 4173; x_wconf 89' lang='lat' dir='ltr'><strong>mihi</strong></span> <span class='ocrx_word' id='word_1_213' title='bbox 320 4125 434 4190; x_wconf 76' lang='lat' dir='ltr'><strong>quaere</strong></span> <span class='ocrx_word' id='word_1_214' title='bbox 449 4111 572 4168; x_wconf 81' lang='lat' dir='ltr'><strong>Bonum</strong></span> <span class='ocrx_word' id='word_1_215' title='bbox 592 4117 624 4168; x_wconf 91' lang='lat' dir='ltr'><strong>et</strong></span> <span class='ocrx_word' id='word_1_216' title='bbox 646 4109 817 4190; x_wconf 75' lang='lat' dir='ltr'><strong>Sapientem</strong></span> <span class='ocrx_word' id='word_1_217' title='bbox 823 4130 836 4181; x_wconf 92' lang='lat'><strong>,·</strong></span> <span class='ocrx_word' id='word_1_218' title='bbox 858 4106 892 4166; x_wconf 85' lang='lat' dir='ltr'><strong>in</strong></span> <span class='ocrx_word' id='word_1_219' title='bbox 911 4111 1034 4186; x_wconf 82' lang='lat' dir='ltr'><strong>pectore</strong></span> <span class='ocrx_word' id='word_1_220' title='bbox 1048 4101 1158 4162; x_wconf 81' lang='lat' dir='ltr'><strong>Sancto</strong></span> 
     </span>
    </p>

    <p class='ocr_par' dir='ltr' id='par_1_9' title="bbox 164 4208 929 4290">
     <span class='ocr_line' id='line_1_33' title="bbox 164 4208 929 4290; baseline -0.007 -18"><span class='ocrx_word' id='word_1_221' title='bbox 164 4213 215 4272; x_wconf 84' lang='lat' dir='ltr'><strong>eui</strong></span> <span class='ocrx_word' id='word_1_222' title='bbox 236 4215 372 4272; x_wconf 83' lang='lat' dir='ltr'><strong>Rectam</strong></span> <span class='ocrx_word' id='word_1_223' title='bbox 393 4219 521 4271; x_wconf 87' lang='lat' dir='ltr'><strong>mentem</strong></span> <span class='ocrx_word' id='word_1_224' title='bbox 543 4213 642 4272; x_wconf 74' lang='lat' dir='ltr'><strong>Musa</strong></span> <span class='ocrx_word' id='word_1_225' title='bbox 662 4213 808 4290; x_wconf 76' lang='lat' dir='ltr'><strong>Deaeque</strong></span> <span class='ocrx_word' id='word_1_226' title='bbox 830 4208 929 4286; x_wconf 87' lang='lat' dir='ltr'><strong>dedit;</strong></span> 
     </span>
    </p>

    <p class='ocr_par' dir='ltr' id='par_1_10' title="bbox 129 4311 929 4498">
     <span class='ocr_line' id='line_1_34' title="bbox 129 4311 865 4394; baseline -0.001 -21"><span class='ocrx_word' id='word_1_227' title='bbox 129 4311 181 4387; x_wconf 82' lang='lat' dir='ltr'><strong>Qui</strong></span> <span class='ocrx_word' id='word_1_228' title='bbox 200 4335 321 4376; x_wconf 72' lang='lat' dir='ltr'><strong>mre</strong></span> <span class='ocrx_word' id='word_1_229' title='bbox 342 4313 438 4375; x_wconf 83' lang='lat' dir='ltr'><strong>fidem</strong></span> <span class='ocrx_word' id='word_1_230' title='bbox 460 4315 545 4374; x_wconf 76' lang='lat' dir='ltr'><strong>nulla</strong></span> <span class='ocrx_word' id='word_1_231' title='bbox 567 4313 712 4392; x_wconf 70' lang='lat' dir='ltr'><strong>mede,</strong></span> <span class='ocrx_word' id='word_1_232' title='bbox 734 4313 865 4394; x_wconf 68' lang='lat' dir='ltr'><strong>probare</strong></span> 
     </span>
     <span class='ocr_line' id='line_1_35' title="bbox 165 4415 929 4498; baseline -0.003 -22"><span class='ocrx_word' id='word_1_233' title='bbox 165 4417 268 4494; x_wconf 72' lang='lat' dir='ltr'><strong>Recta,</strong></span> <span class='ocrx_word' id='word_1_234' title='bbox 290 4421 428 4496; x_wconf 64' lang='lat' dir='ltr'><strong>interque</strong></span> <span class='ocrx_word' id='word_1_235' title='bbox 449 4419 547 4477; x_wconf 68' lang='lat' dir='ltr'><strong>micae</strong></span> <span class='ocrx_word' id='word_1_236' title='bbox 568 4425 598 4476; x_wconf 87' lang='lat' dir='ltr'><strong>et</strong></span> <span class='ocrx_word' id='word_1_237' title='bbox 619 4417 681 4476; x_wconf 80' lang='grc' dir='ltr'>ιίιιιι</span> <span class='ocrx_word' id='word_1_238' title='bbox 704 4415 809 4495; x_wconf 76' lang='lat' dir='ltr'><strong>laude,</strong></span> <span class='ocrx_word' id='word_1_239' title='bbox 831 4423 929 4498; x_wconf 77' lang='lat' dir='ltr'><strong>qrreot.</strong></span> 
     </span>
    </p>
   </div>
   <div class='ocr_carea' id='block_1_6' title="bbox 0 0 1396 4988">
    <p class='ocr_par' dir='ltr' id='par_1_11' title="bbox 0 0 1396 4988">
     <span class='ocr_line' id='line_1_36' title="bbox 0 0 1396 4988; baseline 0 3"><span class='ocrx_word' id='word_1_240' title='bbox 0 0 1396 4988; x_wconf 95' lang='lat' dir='ltr'><strong> </strong></span> 
     </span>
    </p>
   </div>
  </div>
 </body>
</html>
