2758 4990
461 331 534 405 AD
567 329 807 406 LIBRUM
841 329 897 405 IV
1163 337 1241 409 693

107 525 220 584 centies
234 522 346 582 Iratus
367 520 499 580 siderum
520 521 610 580 situm
633 521 784 600 designat,
806 521 954 600 simulque
970 529 1113 582 ornatum
1131 540 1169 580 ex
1181 542 1240 581 ns-

106 621 180 670 turn
193 608 352 669 animantis
366 607 419 668 vel,
431 607 560 685 figurae,
582 627 658 685 quse
673 608 789 688 sIgnum
803 609 875 666 facit
883 653 892 685 ,
913 607 1006 686 petit,
1026 607 1071 666 ita
1081 607 1176 666 Orion
1190 609 1239 668 in·

108 696 246 774 sequitur
256 695 416 774 Leporem3
438 703 471 752 at
485 693 579 752 Sirius
593 694 691 752 fertur
707 694 875 772 insequenti
893 694 1018 768 similis,
1043 693 1166 774 φέρεται
1180 715 1240 774 με·

108 779 205 845 τιόντι
219 779 341 856 ἐοικώς,
370 780 433 841 ttot
446 778 479 841 oi
500 777 687 854 ἐπαντέλλει,
714 781 768 842 καί
788 803 840 858 μιν
856 775 998 842 κατιόντα
1018 775 1121 842 διώκει
1132 799 1162 839 v.
1176 779 1238 844 840

108 887 155 946 sq.
175 869 214 926 cl.
233 887 263 926 v.
279 870 322 931 28
337 886 381 944 eq.
396 867 459 928 816
473 885 516 942 sq.
557 867 636 924 Sunt
648 865 705 923 olis
718 865 877 924 innumere
894 864 1028 945 exempla
1042 865 1123 944 opud
1139 865 1238 925 Meni-

107 953 201 1029 lium,
222 961 259 1011 ut
269 953 301 1010 in
318 972 379 1010 uno
394 951 460 1010 Ioco
474 950 525 1010 Iib.
540 950 576 1026 II,
589 949 652 1016 485
667 971 720 1028 sq,
743 952 796 1010 ubi
810 951 961 1010 interulis
975 953 1092 1010 Taurus
1101 950 1237 1031 fulgen-

108 1051 152 1097 tes
164 1039 245 1098 videt
261 1051 352 1116 etque
365 1037 451 1095 audit
462 1057 520 1113 per
534 1036 633 1094 sidera
646 1039 760 1095 Pisces.
780 1037 856 1096 cons.
872 1037 907 1112 II,
921 1036 994 1102 466.
1008 1037 1080 1102 619.
1098 1037 1170 1102 456.
1185 1037 1235 1097 lib.

108 1124 217 1184 [extr.
252 1123 319 1182 Atia
336 1122 522 1200 exemptam
540 1121 650 1180 ovidio
667 1117 866 1182 notorelicet.
909 1122 971 1181 Isin
985 1141 1053 1182 cum
1068 1123 1150 1202 opud
1164 1124 1236 1184 Vir-

106 1209 209 1288 gilium
220 1208 353 1268 Pleiades
370 1207 514 1266 dicuntur
528 1207 697 1266 occidentes
703 1209 818 1286 sugens
831 1211 962 1283 Piscem,
987 1228 1040 1267 seu
1054 1209 1160 1283 Pisces,
1176 1207 1236 1269 hoc

107 1295 148 1354 sd
161 1295 251 1354 situm
264 1293 398 1354 siderum
410 1293 441 1352 in
456 1291 582 1372 sphaere
597 1293 684 1352 unice
702 1303 831 1373 spectet,
853 1315 924 1354 nem
937 1315 1076 1354 eversum
1090 1296 1234 1373 Taurum,

107 1380 242 1460 adeoque
261 1379 353 1440 Tauri
370 1388 461 1459 ceput
481 1399 550 1438 cum
572 1379 755 1456 Pleiedibus,
785 1380 977 1458 subsequitur
998 1379 1075 1438 ulter
1096 1381 1234 1442 Piscium.

106 1467 202 1526 Simili
214 1465 305 1525 modo
319 1465 451 1526 Pleiades
464 1464 630 1524 occidentes
645 1467 745 1545 lugere
762 1467 905 1526 Orionem
920 1466 1065 1525 dicuntur
1076 1467 1159 1548 apud
1170 1467 1234 1526 He-

106 1552 182 1611 siod.
191 1548 277 1634 ’ἭΕργ
292 1555 355 1616 619
369 1543 482 1613 Eos
462 1574 502 1612 αν
518 1547 682 1628 Πληιάδες,
705 1551 818 1625 σθένος
838 1548 966 1635 ’ὄβριμον
981 1547 1135 1634 Ὠρίωνος
1150 1547 1233 1615 Φεύ-

105 1656 230 1720 γοοοοι,
252 1639 403 1700 πίπτωσιν
418 1635 449 1710 ἐς
462 1630 762 1742 ἠεροειδέαπόντον,
791 1645 822 1696 et
838 1637 919 1718 apud
932 1637 1041 1711 Quint.
1053 1640 1173 1744 Smyrn.
1193 1639 1230 1712 V,

106 1727 179 1787 867.
195 1727 257 1788 368
281 1719 402 1802 utque
416 1715 485 1784 εὖτ’
493 1716 672 1827 ἀκάμαντος
687 1722 718 1795 ἐς
730 1717 892 1786 Ὠκεανοῖο
900 1722 1021 1806 ῥέεθρα
1035 1717 1141 1786 Atee’
1157 1721 1233 1787 dno-

105 1802 290 1872 moicoouou
302 1803 483 1891 ministeriu
493 1801 642 1892 ’.Ωρίοενα
687 1808 763 1867 Citis
775 1809 844 1874 636
867 1809 1007 1887 Scoqoiue
1025 1829 1046 1866 α
1047 1809 1148 1868 iternis
1159 1810 1232 1868 cla-

104 1915 172 1953 mm
180 1893 273 1974 fugit
296 1894 418 1954 Oriona.
440 1894 548 1974 Hygin.
572 1893 693 1953 Astron.
713 1893 749 1969 II,
770 1898 814 1958 26
840 1893 943 1973 itaque
968 1898 1158 1954 constitutum
1185 1908 1229 1969 ut,

104 2001 175 2038 cum
188 1981 328 2058 Scorpus
339 1983 466 2054 onauer,
495 1979 587 2038 Orion
601 1980 727 2038 occidat.
774 1979 886 2039 Eadem
901 1979 976 2040 hoec
994 1980 1129 2039 sidenim
1142 1941 1232 2040 faciei

105 2063 225 2125 habitus
238 2085 273 2126 ac
288 2066 363 2124 situs
376 2075 425 2125 tot
444 2065 552 2124 lebulis
574 2066 675 2124 locum
695 2064 782 2139 fecit,
811 2075 847 2124 ut
865 2085 895 2126 v.
909 2087 934 2126 ο.
954 2065 1026 2125 huic
1046 2066 1102 2146 ipsi
1116 2065 1231 2126 Orioni.

105 2153 141 2212 ct
154 2151 254 2212 Sobel.
269 2150 419 2231 Apollonii
436 2151 489 2226 III,
512 2155 585 2216 226.
628 2153 734 2212 Restat
752 2151 912 2212 difficultas
931 2153 963 2211 in
980 2150 1111 2231 epitheto
1133 2175 1231 2232 aquo·

103 2259 170 2312 sus,
193 2237 276 2316 quod
291 2238 379 2297 nimis
400 2247 490 2297 tenue
510 2237 609 2297 videri
624 2247 738 2316 potest,
768 2237 792 2296 si
807 2247 852 2298 est
865 2258 920 2316 pro
933 2239 1080 2316 aquatilis.
1126 2239 1230 2297 Enim-

103 2341 176 2383 vero
197 2344 329 2402 aquosus
340 2331 393 2380 ¹est
414 2343 517 2399 equae,
548 2323 675 2398 imbres,
705 2342 829 2402 cogens,
860 2323 1053 2382 denuntians:
1081 2332 1119 2381 ut
1131 2345 1230 2403 aquo-

102 2430 154 2466 sus
171 2408 264 2466 Orion
275 2406 348 2465 Aen.
363 2407 411 2478 tV,
429 2409 479 2472 52.
522 2407 609 2466 Arm
624 2429 754 2486 aquosus
767 2409 857 2468 Ovid.
871 2409 940 2467 Meu
956 2409 995 2482 X,
1015 2408 1085 2472 165.
1129 2411 1231 2466 Eume

101 2513 233 2572 aquosus
246 2487 353 2549 Horet'.
367 2490 462 2569 Epod.
484 2494 533 2564 16,
547 2490 598 2554 64.
642 2493 767 2551 Pliades
784 2515 916 2572 aquosae
930 2496 1007 2552 Stet.
1025 2493 1074 2567 IV,
1094 2495 1156 2556 120
1171 2493 1230 2551 im-

101 2577 240 2637 briferae.
268 2573 352 2649 Quid
365 2575 447 2653 quod
460 2575 549 2632 etiam
563 2575 658 2634 Ιιὶειοε
674 2597 790 2656 aquosa
805 2577 866 2637 EcI.
884 2577 924 2653 X,
940 2582 990 2642 66.
1006 2575 1080 2636 Aen.
1090 2577 1142 2650 IX,
1156 2582 1229 2654 671,

101 2661 193 2720 nubes
205 2682 337 2741 aquosae
349 2661 422 2720 Aen.
438 2659 517 2735 VIII,
534 2658 606 2724 429.
649 2662 687 2720 Et
698 2663 757 2720 iem
774 2661 914 2743 Ζέφυρος
929 2662 1062 2744 ἔφυδρος
1078 2661 1187 2740 Odyss.
1201 2667 1228 2740 ξ,

102 2746 175 2811 468.
218 2747 338 2804 Piscem
358 2767 505 2826 aquosum
522 2765 561 2804 ex
579 2745 639 2806 hoc
657 2747 720 2826 ipso
746 2747 812 2806 loco
831 2748 958 2808 Ovidius
976 2748 1079 2830 petiit:
1102 2747 1174 2808 Met.
1188 2749 1227 2824 X,

104 2831 165 2898 166
188 2834 357 2912 quotiesque
369 2833 484 2910 repellit
503 2833 564 2893 Ver
578 2831 706 2891 hiemem
726 2835 867 2913 Piscique
881 2838 970 2894 Aries
983 2831 1114 2893 succedit
1127 2856 1226 2915 aquo-

100 2937 144 2978 so.
190 2919 330 2978 Ceterum
344 2919 437 2978 sinuel
451 2927 482 2978 et
498 2917 550 2977 ubi
570 2919 625 2978 sibi
637 2917 837 2999 respondent,
858 2941 935 3002 pro,
956 2920 1087 2999 quando.

393 3103 844 3182 EXCURSUS
895 3105 933 3178 11

150 3291 214 3352 De
240 3287 569 3376 Nympharum
601 3287 730 3353 domo
766 3299 813 3354 et
839 3289 994 3352 Penei
1023 3289 1174 3370 regio.

182 3435 289 3514 Georg.
310 3435 359 3510 IV,
384 3439 446 3500 317
477 3437 588 3494 Pastor
607 3435 765 3494 Aristaeus
774 3435 907 3514 fugiens
929 3435 1044 3492 Peneia
1066 3435 1227 3510 Tempe-

103 3522 207 3578 mets
220 3522 265 3580 ad
277 3525 400 3580 extremi
412 3541 532 3580 saonem
544 3533 637 3598 eaput
652 3521 768 3579 adstitit
782 3523 931 3579 amnis-
946 3521 1006 3582 821
1029 3521 1136 3578 Mater
1146 3538 1225 3597 quae

95 3608 228 3680 gingius
248 3604 339 3665 Ιετιὶιιε
362 3610 432 3666 Ima
456 3609 654 3670 tenes-833
679 3607 721 3664 Ae
739 3617 836 3664 mater
858 3609 988 3664 sonitum
1012 3601 1149 3662 theloneo
1172 3601 1226 3661 sub

90 3689 235 3766 fliminis
248 3694 305 3751 alti
322 3693 418 3751 Sensit
430 3722 474 3738 --
487 3694 549 3760 869
561 3693 655 3750 simul
668 3693 734 3752 alta
750 3689 829 3750 iubet
841 3691 988 3750 discedere
1003 3689 1063 3748 leste
1079 3689 1224 3748 Flumina

98 3795 161 3855 quo
171 3795 292 3853 ἕκαστον
312 3781 439 3837 inerret.
483 3780 525 3839 Ae
542 3781 629 3837 illum
647 3779 781 3837 Cui-vata
796 3781 828 3836 in
847 3779 955 3835 neentis
960 3775 1082 3853 faciem
1094 3777 1224 3833 cientem-

98 3863 176 3918 stetit
190 3863 290 3934 mula,
314 3866 497 3942 Accepitque
512 3867 581 3922 εἰιιιι
603 3875 688 3922 vasto
703 3867 843 3942 misitque
855 3862 912 3921 sub
923 3881 1052 3920 anusem.
1097 3863 1225 3940 lamque

98 3948 221 4004 domum
240 3951 354 4006 mimi
373 3953 531 4026 gemeticis
550 3962 578 4007 et
598 3949 728 4008 humida
750 3969 865 4026 tegna,
904 3949 1117 4026 Speluncisque
1140 3947 1226 4004 lacus

98 4033 218 4090 clausos
231 4033 370 4111 limenque
381 4038 525 4108 sonantis,
548 4034 617 4094 lbet
631 4047 659 4094 et
669 4081 677 4108 ,
702 4037 818 4113 ingemi
832 4046 914 4092 motu
926 4032 1112 4110 stupefactus
1123 4052 1223 4112 aqua-

98 4137 184 4192 rum,
214 4117 326 4177 Omnia
338 4117 392 4176 sub
413 4139 530 4198 magna
550 4119 682 4178 lubentio
688 4122 826 4198 flununa
845 4132 923 4178 tenu
938 4117 1097 4196 Spectabat
1107 4119 1226 4175 diversa

98 4204 171 4260 iocis
184 4232 227 4249 -·-
247 4205 288 4262 Et
309 4217 400 4280 cupiet
415 4213 473 4264 etc.
517 4206 658 4266 Nondum
680 4207 779 4264 locum
799 4205 863 4264 vidi
885 4205 991 4280 inum,
1014 4205 1065 4281 qui
1085 4223 1153 4262 cum
1167 4201 1226 4260 boc

98 4289 266 4369 comparari
279 4290 388 4369 possit,
411 4299 442 4348 et
457 4311 537 4352 nove
555 4313 590 4350 ec
607 4292 684 4351 mire
697 4299 741 4349 est
754 4311 858 4350 rerum
877 4291 984 4365 socies,
1011 4309 1101 4368 quom
1115 4310 1152 4346 ex
1170 4288 1226 4345 hoo

99 4378 163 4454 ipso
170 4377 234 4434 loco
251 4375 332 4455 apud
340 4377 471 4434 utimum
487 4377 667 4437 edumbrsre
680 4395 799 4436 necesse
811 4388 871 4454 τοῖς
893 4377 1007 4436 somnia
1023 4385 1133 4448 eutem,
1148 4393 1224 4453 quse

99 4469 215 4521 veteres
229 4481 286 4542 pro
298 4481 353 4521 suo
369 4462 497 4541 quisque
511 4463 629 4543 ingenio
643 4463 682 4523 de
697 4463 817 4524 Oceano
829 4473 942 4526 terram
957 4463 1106 4523 ambiente
1121 4461 1223 4520 multis
