2654 5000
204 401 254 472 cs
391 371 645 468 sronmr
687 389 1153 467 rnonnnouaua

641 549 759 675 (ner.
802 579 890 675 vr.)

680 715 841 790 Varus.
868 776 873 784 .

305 889 406 960 Ante
422 883 568 958 exitum
583 885 674 959 anni
700 890 787 964 714.
820 879 978 958 suffecti
999 879 1210 976 Consules,
1235 879 1320 954 licet

204 991 244 1064 in
267 1010 414 1089 paucos
442 986 528 1062 dies
551 1002 681 1063 essent
704 986 828 1062 sumri
871 987 962 1084 (Dio
993 988 1096 1062 Cass.
1124 987 1204 1076 ΠΒ,
1234 991 1320 1078 &zia

205 1091 413 1170 Cornelius
423 1089 565 1165 Balbus
584 1103 624 1166 et
637 1096 678 1169 P.
704 1089 889 1168 Canidius
911 1091 1081 1166 Crassus.
1132 1084 1253 1162 Pollio
1269 1085 1320 1159 aba

202 1195 389 1291 Antonin,
414 1208 627 1294 antequam
650 1195 735 1294 ipse
762 1193 811 1268 ad
825 1191 992 1268 Parthos
1012 1191 1157 1286 abiret,
1192 1203 1304 1265 contra

202 1296 412 1375 Parthinos
435 1298 594 1392 missus,
645 1310 807 1394 gentem
819 1295 1036 1372 Dalmatiae
1059 1295 1161 1372 circa
1183 1292 1304 1392 Epida-

202 1411 356 1497 mnam,
377 1423 478 1502 quac
492 1401 616 1476 Bruto
635 1399 899 1476 vehementer
910 1397 1060 1474 faverat
1088 1398 1261 1497 (Appian.
1271 1399 1303 1488 V,
1319 1461 1320 1470 ,

202 1511 262 1585 76.
285 1506 360 1581 Dio
377 1507 478 1581 Cass.
502 1507 582 1599 HL,
599 1510 689 1602 41.).
714 1507 813 1580 Eam
844 1503 951 1578 enim
976 1499 1158 1576 fecerant
1173 1499 1320 1576 Octavi»

204 1633 301 1684 anus
329 1621 369 1680 et
402 1608 596 1682 Antonius
628 1607 784 1706 imperii
828 1611 944 1684 Rom.
980 1604 1230 1698 divisionem,
1262 1615 1320 1694 ut„

202 1709 330 1786 Africa
343 1709 498 1810 Lepido
512 1708 664 1805 relicta,
690 1711 903 1804 Antonius,
929 1731 1031 1809 quae
1047 1720 1320 1800 esseutversns

204 1815 413 1890 Orientem
430 1837 452 1886 a
469 1811 637 1906 Scodra,
666 1813 816 1913 oppido
835 1812 974 1909 lllyrici
991 1812 1032 1884 in
1050 1833 1210 1886 recessu
1220 1811 1301 1884 sinus
1319 1871 1320 1890 ,

160 1987 177 1994 ,.
202 1916 384 1992 Adriatici
401 1916 494 2008 sito,
521 1913 688 1990 haberet
705 1918 857 2012 omnia,
875 1915 1093 1992 Octaviano
1108 1927 1237 1988 autem
1251 1934 1302 2011 pa·
1319 1967 1320 2008 3

201 2032 347 2112 rerent,
364 2041 467 2120 quae
483 2019 577 2094 inde
592 2043 727 2094 versus
742 2019 1005 2096 Occidentem
1021 2030 1242 2118 spectarent
1254 2037 1301 2088 us
1319 2087 1320 2094 ,

203 2147 281 2223 que
300 2121 348 2196 ad
364 2125 582 2200 Oceanum.
1204 2143 1212 2156 ·

303 2223 484 2323 Virgilius
505 2225 546 2298 in
573 2247 710 2323 agrurn
741 2235 952 2324 paterntnn
976 2221 1114 2320 rediit,
1151 2233 1214 2297 aut
1238 2239 1320 2294 nont

203 2328 330 2404 exillo
354 2329 593 2406 discesserat.
644 2326 824 2404 Vidimus
848 2349 907 2403 ao.
940 2331 1027 2403 714.
1051 2339 1145 2426 post
1170 2323 1299 2398 finitum

200 2431 352 2507 bellum
383 2432 618 2508 Perusinum
643 2455 783 2505 mense
814 2426 1151 2528 ApriliAlsenum
1179 2433 1320 2526 Varumx

202 2534 349 2611 Galliae
367 2533 586 2634 Cisalpinae
605 2533 653 2608 ab
668 2533 885 2609 Octmiano
902 2557 987 2607 esse
1011 2531 1252 2632 praefectum
1270 2527 1299 2599 in
1319 2591 1320 2598 ,

200 2637 335 2714 locum
350 2638 540 2715 Pollionis
554 2635 684 2735 fugati.
733 2635 867 2711 Additi
881 2635 974 2710 hnic
990 2649 1105 2710 erant
1118 2631 1299 2714 Cornelius

201 2741 334 2818 Gallus
350 2765 473 2844 eques
489 2755 529 2817 et
553 2753 689 2842 poeta,
725 2752 766 2814 et
788 2741 973 2816 Octavius
990 2743 1103 2815 Musa
1129 2739 1297 2815 limitator.

199 2850 295 2921 Post
311 2845 445 2923 Caleni
468 2845 623 2920 obitrnn
644 2845 728 2918 sine
758 2842 880 2918 dubio
903 2842 1036 2919 Gallus
1058 2861 1202 2919 mense
1218 2839 1297 2917 Maio
1319 2905 1320 2936 q

201 2961 267 3024 aut
288 2949 403 3025 lunio
420 2947 566 3024 Galliae
583 2947 886 3046 Transpadanae
907 2946 955 3021 ab
971 2949 1151 3043 Augusto
1170 2939 1298 3047 praese·
1319 3003 1320 3044 q

201 3064 284 3126 ctus
300 3065 366 3129 est
418 3051 534 3127 Idem
560 3065 637 3147 est,
673 3050 740 3152 qui
763 3051 914 3152 primus
932 3049 1117 3126 subactae
1142 3063 1228 3152 post
1244 3045 1320 3140 de„

199 3153 347 3228 victum
364 3156 583 3230 Antonium
599 3159 777 3253 Aegypto
797 3154 845 3228 ab
863 3154 1079 3230 Octaviano
1099 3151 1296 3254 praelectus

201 3267 277 3352 est,
309 3257 370 3330 cui
382 3273 563 3356 praeerat
583 3259 633 3332 ad
658 3279 808 3332 annum
829 3266 934 3350 728..;
971 3279 1053 3358 quo
1077 3281 1224 3334 annum
1243 3263 1295 3327 aet

199 3365 260 3438 40.
276 3382 394 3458 agens
409 3374 542 3436 morte
559 3360 776 3438 voluntaria
793 3362 927 3461 periit;
951 3382 1046 3458 ergo
1067 3359 1157 3438 fere
1173 3379 1294 3438 annun
1319 3423 1320 3453 3

198 3473 258 3545 27.
275 3463 423 3562 agebat.
476 3471 526 3540 At
540 3470 664 3542 Varus
687 3463 833 3541 Galliae
859 3463 1079 3564 Cisalpinae
1099 3463 1294 3566 praefectus
1319 3513 1320 3554 3

198 3569 325 3662 idem,
354 3569 415 3642 cui
437 3567 516 3646 net.
535 3573 598 3648 IX.
624 3571 862 3670 promiserat
883 3589 1063 3665 carmen,
1091 3570 1122 3644 si
1149 3573 1294 3645 servaret

197 3675 420 3764 Mantuam3
447 3673 525 3747 iam
539 3697 581 3749 se
599 3672 795 3774 quaedam
810 3672 1012 3772 incepisse,
1039 3673 1212 3749 necdum
1224 3689 1293 3772 ptr·

197 3771 345 3853 fecisse.
398 3777 516 3878 Atqui
536 3782 772 3854 Mantuanos
800 3775 964 3877 quidem
990 3797 1104 3873 agros
1124 3775 1224 3852 male
1242 3793 1291 3842 vt·
1319 3829 1320 3832 ,

198 3880 315 3974 ravit,
342 3878 522 3976 Virgilius
544 3891 679 3954 tamen
702 3903 796 3954 suos
819 3893 1033 3977 receperat.
1086 3884 1170 3955 Iam
1192 3895 1292 3982 quun

198 3978 242 4052 id
253 3995 355 4056 esset
368 4005 452 4057 non
465 4006 539 4084 per
547 3987 696 4060 Varum
715 3982 878 4084 quidem
899 3981 1029 4082 ipsum
1045 3981 1180 4060 datum
1196 3983 1292 4056 bene-

197 4077 350 4178 ficium,
366 4098 539 4178 attamen
554 4107 798 4181 concessum,
814 4085 1051 4186 saltemnpn
1067 4085 1290 4188 impeditum,

197 4203 330 4283 neque
350 4203 574 4264 recusatum
599 4187 647 4262 ab
666 4213 736 4282 eo,
770 4190 838 4290 qui
861 4188 1006 4263 scilicet
1028 4196 1224 4289 praeesset
1241 4203 1290 4257 nt·

197 4286 305 4382 gotio
344 4312 527 4386 agrorum
558 4289 885 4384 dividendorum3
935 4292 1118 4390 Virgilius
1143 4297 1190 4368 ita
1215 4307 1287 4364 enm

197 4387 376 4486 laudavit,
403 4405 448 4466 ut
462 4405 589 4470 artem
603 4396 748 4495 pariter
764 4408 881 4495 atque
902 4395 1164 4472 urbanitatem
1187 4407 1222 4468 et
1243 4389 1288 4462 in·
