2710 4998
173 373 240 424 cxx
384 352 426 426 P.
453 347 670 426 VIRGILII
694 344 931 424 MARONIS
959 347 1085 424 vlt-A

172 539 242 600 dem
257 537 362 620 aliquis
376 537 453 600 baec
466 539 524 599 alio
536 538 640 599 Dionis
651 539 718 600 loco
742 537 916 600 labefactari
930 547 1055 620 putare,
1078 537 1133 598 ubi
1148 557 1242 596 anno
1260 535 1335 601 715

172 626 296 686 ineunte
310 625 496 687 Octavianus
510 626 616 684 Caesar
628 626 660 684 in
675 625 801 700 Gallias,
829 633 866 684 ut
879 625 1025 684 excitatos
1045 623 1129 682 iniis
1144 633 1263 682 motus
1280 641 1337 680 se-

173 711 276 787 daret,
298 711 452 792 profectus
467 731 529 771 essa
551 711 664 772 dicitur
682 711 734 770 lib.
748 710 879 784 XLVIII,
891 714 943 774 20.
958 711 996 770 vl.
1017 730 1042 768 o
1057 709 1099 773 28
1115 729 1163 788 pr.
1182 708 1337 790 Appiam.

172 818 202 882 p.
219 797 314 863 1135.
360 797 419 858 Sed
436 799 567 879 primum
586 818 624 856 an
641 797 808 856 exercitum
832 815 934 856 secum
954 796 1093 868 duxerit,
1117 815 1181 854 non
1195 814 1338 854 memo-

172 892 277 944 ratum
288 883 439 960 inveniss;
461 893 525 944 tum
546 901 601 942 nec
620 881 760 942 Rhenum
783 881 935 942 transiisse
951 891 1005 942 aut
1019 881 1058 941 sd
1070 879 1217 941 Rhenum
1236 881 1339 960 quio-

168 975 264 1048 'quam
278 989 382 1030 rerum
397 989 466 1030 eum
482 969 604 1050 gessisse
617 969 732 1028 doceas.
777 967 931 1045 Quicquid
946 977 991 1026 est
999 1012 1008 1044 ‚
1036 967 1236 1048 probabilior
1248 966 1339 1026 haee

174 1063 220 1114 est
231 1056 396 1132 sententia,
419 1076 509 1134 quam
522 1055 574 1114 illa
590 1055 746 1134 Scaligeri,
769 1054 807 1114 ad
820 1053 996 1133 Hieronym.
1013 1056 1148 1128 n.1960,
1173 1048 1235 1132 qui
1254 1063 1339 1112 ante

129 1211 136 1226 ⁸
175 1142 297 1201 eaedem
314 1141 448 1202 Caesaris
461 1141 599 1221 Eclogam
621 1137 765 1200 decimam
780 1139 899 1220 publice
915 1139 1028 1198 editam
1050 1157 1113 1197 esse
1126 1139 1249 1198 debere
1267 1160 1337 1219 pu-

76 1273 80 1282 .
174 1235 235 1302 tat,
258 1226 330 1286 dum
346 1227 429 1287 illam
443 1227 615 1308 opinionem
628 1227 837 1307 amplectitur,
859 1225 996 1304 quintam
1010 1225 1044 1284 in
1059 1224 1194 1284 Caesaris
1210 1245 1338 1284 necem

177 1331 240 1372 esse
251 1313 411 1394 scriptam,
433 1313 516 1372 intra
528 1312 692 1372 triennium
705 1321 806 1372 autem
825 1311 966 1371 Bucolica
978 1329 1040 1369 esse
1057 1310 1206 1370 absoluta.
1264 1311 1336 1370 lam

176 1399 278 1478 itaque
292 1399 331 1474 si,
354 1409 501 1478 quantum
516 1399 578 1458 sive
598 1417 637 1456 ex
657 1407 826 1477 temporum
846 1398 1002 1456 notatione
1017 1395 1144 1455 definire
1157 1397 1227 1456 sive
1249 1417 1336 1456 eon-

175 1485 293 1546 iectura
311 1485 427 1563 assequi
450 1485 560 1564 possis,
588 1483 725 1546 ordinem
745 1485 923 1564 Eclogarum
941 1503 976 1542 ac
993 1491 1112 1562 tempus
1128 1483 1336 1542 constituere

177 1569 272 1646 velis,
303 1579 373 1630 ante
393 1589 476 1647 eam,
505 1587 582 1648 quae
601 1587 686 1630 nunc
712 1569 811 1649 primo
835 1569 902 1628 loco
926 1567 1023 1648 posita
1045 1577 1106 1643 est,
1133 1569 1331 1644 seesasdam,

177 1658 296 1714 terrram
322 1663 353 1713 et
373 1659 511 1734 quintam
532 1655 675 1734 scriptam
699 1672 761 1714 esse
786 1654 941 1734 probabile
969 1653 1013 1714 fir.
1056 1653 1137 1712 Tum
1155 1657 1275 1731 prima
1300 1665 1334 1714 et

177 1761 259 1799 nona
285 1759 365 1798 anno
387 1744 460 1806 713.
505 1739 640 1799 Collocat
661 1747 731 1820 post
749 1739 830 1798 hanc
846 1752 963 1798 sextam
985 1738 1162 1797 coniectura
1181 1738 1331 1800 Martini.

178 1826 256 1884 Tum
269 1845 351 1884 ¹serrato
365 1824 429 1889 714
443 1839 603 1906 quartam,
628 1825 691 1890 715
706 1837 861 1900 octavam,
884 1825 1036 1903 vulgatam
1050 1844 1113 1883 esse
1130 1824 1164 1882 in
1180 1827 1330 1885 causeam

178 1921 244 1988 est;
271 1911 354 1972 intra
380 1909 460 1970 idern
483 1913 562 1972 forte
586 1919 705 1990 tempus
731 1931 831 1985 nona,
862 1919 894 1968 et
913 1913 977 1973 717
991 1910 1110 1969 decim
1121 1910 1238 1972 ultimo
1256 1913 1329 1972 loco

178 1997 289 2077 scripta
302 1997 378 2074 luit3
399 2006 436 2058 ut
449 1997 524 2058 adeo
536 1996 584 2072 ad
596 1995 741 2076 temporis
754 1995 905 2056 rationem
920 1995 996 2054 ordo
1009 1993 1059 2055 bic
1073 1997 1224 2058 constitui
1241 2000 1328 2058 sorte

178 2083 294 2164 possit:

267 3049 402 3110 laudata
422 3061 454 3111 et
473 3053 684 3115 commendata
703 3063 777 3116 sunt
795 3053 908 3134 Virgilii
928 3053 1069 3116 Bucolica
1089 3053 1153 3116 iam
1176 3053 1319 3136 apoetis,

183 3132 235 3211 qui
263 3135 366 3194 eadem
395 3146 493 3197 aetate
519 3141 673 3202 vivebant.
722 3140 898 3220 Propertius
929 3141 968 3200 ad
996 3147 1101 3200 eorum
1130 3149 1320 3221 argumenta,

182 3217 284 3298 paullo
298 3228 400 3279 tamen
417 3221 575 3302 boentius,
599 3225 709 3286 alludit
729 3227 774 3286 El.
800 3225 841 3302 II,
858 3223 909 3301 34,
926 3231 968 3291 67
982 3246 1055 3304 sqq,
1076 3226 1143 3286 ubi:
1171 3229 1221 3286 Tls
1234 3227 1321 3285 ranis

85 3313 96 3328 ·
183 3301 316 3363 umbrosi
332 3305 433 3365 subter
449 3311 557 3386 prireta
580 3313 710 3371 Galaesi
732 3308 807 3394 (non
826 3311 911 3391 qussi
932 3311 975 3371 ibi
985 3311 1071 3372 Maro
1087 3311 1251 3392 praedium
1265 3311 1321 3371 ha-

182 3389 299 3467 buerit3
329 3391 384 3450 sed
403 3405 543 3474 respectu
563 3397 688 3458 laudum
708 3397 783 3472 loci,
805 3397 837 3458 in
861 3417 935 3476 quas
950 3399 1088 3458 excurrit
1101 3399 1157 3457 Ge.
1173 3398 1226 3476 IV,
1244 3394 1318 3476 125)

188 3475 317 3556 Thyrsin
333 3489 362 3536 et
373 3481 483 3538 aurius
501 3482 654 3560 Daphnin
666 3483 862 3542 anmdbsibus
870 3528 879 3558 ,
905 3479 980 3564 (uel.
1000 3482 1066 3567 Vll)
1103 3485 1204 3563 thue
1218 3485 1319 3542 decern

181 3564 301 3640 possint
319 3584 505 3644 conrumpere
524 3569 611 3627 mala
624 3569 782 3647 puellam,
814 3566 888 3651 (Ecl.
911 3567 1036 3652 111‚71)
1073 3571 1194 3630 Misera
1218 3581 1248 3628 et
1261 3573 1319 3628 s'rn-

178 3649 291 3724 pressis
312 3648 430 3708 haedus
451 3649 491 3710 alr
515 3651 669 3729 uberibus,
703 3651 756 3736 (ex
777 3650 837 3731 IX,
853 3653 887 3736 6)
915 3656 1022 3730 Feta,
1053 3655 1109 3734 qui
1128 3656 1207 3714 viles
1219 3655 1319 3733 pomis

184 3733 325 3792 rrserraris
339 3738 476 3795 amores!
506 3739 592 3798 Huic
609 3739 678 3798 lieet
692 3743 832 3820 ingratae
851 3742 968 3820 Elyma
987 3743 1051 3818 ipse
1064 3752 1177 3815 canat,
1201 3739 1235 3802 h.
1248 3739 1318 3799 huic

184 3815 318 3894 puellae,
345 3819 415 3880 licet
434 3841 470 3880 ea
491 3821 611 3903 ingrata
632 3823 691 3901 ait,
720 3845 789 3885 eum
811 3833 914 3886 tamen
935 3824 1129 3884 amoreseius
1143 3834 1210 3884 tam
1222 3843 1317 3906 parvo
1347 3863 1348 3884 r

185 3909 339 3999 emantur,
361 3905 424 3984 ipse
439 3907 562 3988 Tityrus
581 3917 670 3967 canat
680 3953 689 3984 ,
711 3910 763 3989 qui
777 3911 929 3986 Galateam
948 3909 1086 3985 amabat,
1108 3911 1196 3971 nullo
1211 3911 1252 3970 ad
1264 3929 1317 3992 pe-

186 3984 299 4045 culium
312 3987 430 4068 tactu,
451 4003 489 4056 ut
501 3995 562 4054 Eol.
575 3993 599 4070 1,
613 3997 650 4058 81
668 4013 732 4074 sqq.
754 3997 844 4055 Folia
866 3999 1013 4055 murrum
1029 3995 1168 4074 Corydon
1182 4001 1239 4077 qui
1253 4009 1317 4056 ten·

186 4081 233 4127 rat
248 4071 363 4132 Alenus
386 4078 547 4156 Agrr’colae
563 4079 680 4137 domini
698 4101 818 4158 carpere
838 4081 972 4141 demus.
1003 4075 1079 4162 (tet
1096 4079 1137 4164 ll)
1171 4083 1316 4161 stamvs's

159 4188 161 4192 ν
186 4155 238 4212 ille
254 4177 345 4215 suam
361 4159 461 4222 laesus
473 4169 638 4244 requieleal
652 4185 799 4224 avenam:
824 4164 927 4248 (igitur
947 4176 1014 4226 tum
1038 4165 1172 4228 desierat
1189 4169 1315 4229 scribom

186 4239 339 4323 Bucolica)
368 4248 533 4307 Laudatur
540 4249 658 4328 foribs
683 4252 759 4308 ister
777 4252 1024 4332 Hamadryades.
1071 4252 1204 4315 Ovidius
1219 4265 1314 4315 'autem

186 4323 252 4384 Am.
264 4325 287 4401 l,
304 4327 353 4404 15,
369 4331 411 4397 25
438 4335 571 4412 Tlrpmrrs
584 4333 704 4411 laudat,
728 4344 759 4394 et
768 4337 856 4398 Trist.
869 4337 906 4414 11,
923 4337 987 4402 537
1008 4337 1164 4418 Plullidis
1176 4339 1229 4400 hie
1241 4341 1315 4398 silem

187 4422 355 4492 tenerosque
369 4419 569 4498 Amaryllidis
583 4423 670 4520 ipsas
685 4422 842 4482 Bucolicis
863 4425 980 4482 moenis
996 4423 1112 4484 &uerat
1122 4438 1196 4485 ante
1209 4426 1311 4486 modia
