2706 5002
150 303 152 308 ’
189 365 974 466 osonorcorrs1o.m‚41-ss
1068 374 1143 452 511

42 561 117 632 lior
129 567 261 630 tamen
276 552 450 629 ardentis
467 551 652 652 adcingsr
666 553 799 634 dicere
813 579 965 658 pugnas

43 658 212 754 Caesaris,
240 670 280 734 et
293 681 445 733 nomen
461 653 566 732 sama
581 671 643 732 tot
660 655 767 736 serre
782 685 856 761 per
871 685 1013 758 annoS,

42 761 182 836 Tithoni
198 762 326 861 prima
345 774 444 862 quot
463 759 574 836 abest
589 761 637 836 ab
656 761 808 862 origine
825 767 976 843 Caesar.

79 866 151 938 Seu
171 865 280 964 quio,
309 864 564 964 Olympiacae
585 865 751 942 miratus
774 869 950 967 praemia
973 865 1141 968 palmae,

39 968 143 1042 Pascit
156 991 303 1068 equos;
328 993 400 1044 seu
415 967 502 1068 quis
519 965 632 1044 fortis
649 969 699 1044 ad
716 983 839 1046 aratra
856 971 1063 1048 iuvencos:
1091 976 1142 1048 50

40 1073 196 1170 Corpora
214 1071 428 1172 praecipue
447 1083 622 1147 matmm
642 1071 757 1171 legat.
811 1076 988 1174 Optuma
1005 1087 1142 1150 torvae

38 1175 160 1249 Forma
178 1173 313 1272 bovis,
348 1176 410 1251 cui
428 1187 545 1276 turpe
564 1188 700 1277 caput,
728 1177 790 1252 cui
806 1177 976 1278 plurima
999 1177 1141 1272 cervix,

61 1380 97 1432 46.
109 1379 149 1434 47.
168 1377 204 1436 48
223 1379 267 1450 qui
281 1379 373 1432 abesse
393 1379 462 1434 forte
483 1390 621 1450 poteraut,
645 1399 695 1452 pro
716 1381 811 1452 spuriis
831 1381 948 1435 habehat
961 1381 1075 1434 Hordins
1087 1380 1140 1434 l.l.

36 1447 60 1500 ad
71 1451 153 1501 Horat.
171 1451 223 1518 Ep.
243 1450 278 1501 sd
292 1453 357 1518 Aug.
373 1451 414 1504 16.
491 1451 526 1505 46
544 1455 611 1504 Mox
629 1453 711 1503 etiam
734 1453 831 1522 Regius
852 1451 967 1504 Martini.
1000 1453 1142 1521 (ardentes

37 1519 110 1568 lisdic.
131 1520 201 1587 Wr.)
273 1519 308 1574 47
326 1531 367 1570 tot
383 1517 466 1590 soma
484 1520 584 1572 anich.
621 1523 746 1574 Caesaris
765 1535 792 1573 et
808 1520 917 1592 somam
934 1533 961 1572 et
979 1539 1077 1573 nomen
1099 1531 1142 1572 tot

37 1587 142 1640 lrhnisn.
163 1588 198 1639 de
217 1588 321 1641 schem.
344 1589 448 1640 Lexeos
469 1606 497 1658 p.
516 1590 559 1644 ³2.
576 1589 728 1643 vid.Burm.
762 1595 829 1644 Sene
849 1607 903 1643 non
915 1589 984 1642 male
1001 1589 1142 1657 interpun-

37 1673 81 1722 gar:
96 1657 229 1728 odoingor
241 1659 467 1730 dicerepugnoo,
492 1662 618 1710 Caesaris
631 1671 659 1711 et
672 1677 768 1712 nomen
781 1659 872 1732 sama.
940 1659 976 1714 48
1014 1659 1068 1712 uod
1081 1659 1141 1709 Me-

36 1725 141 1778 dicam.
175 1746 197 1779 r.
211 1729 354 1792 Romanus,
370 1729 438 1797 Ileg.
455 1738 481 1780 et
494 1727 575 1802 Goth.
589 1747 629 1798 pr.
664 1741 766 1798 quotus
779 1731 900 1782 estVen.
970 1677 1141 1783 tissiraam

36 1795 116 1863 llemg.
138 1746 184 1848 alt
247 1797 350 1849 roenna
369 1815 483 1870 pugnae
501 1797 603 1849 Nouius
623 1797 742 1850 Marcell.
761 1797 789 1850 in
808 1800 916 1862 ositeri,
940 1815 1030 1850 erroro
1051 1796 1140 1849 solito.

37 1863 195 1935 501euqur's
226 1868 295 1918 ortis
309 1867 604 1919 adarmraiuvencos.
639 1871 691 1920 Aut
711 1867 784 1937 iungi
802 1878 889 1950 potest
906 1867 996 1938 poscit
1010 1869 1142 1918 iuvencos

37 1933 64 1982 ot
76 1945 181 1997 aratro,
200 1943 247 1984 aut
275 1936 393 1987 ortisod
406 1948 512 1988 aratra.
582 1937 615 1990 51
635 1939 752 2007 Optuma
763 1935 866 2008 scrrpsit
879 1937 970 1988 Heius.
990 1953 1022 1988 ex
1033 1935 1140 1987 Mentel.

37 2000 142 2054 etNooio
154 2005 246 2055 ltlsrce
269 2021 299 2069 o,
317 2004 388 2074 quod
404 2023 461 2056 cum
473 2004 554 2056 semel
570 2005 616 2057 ille
629 2005 788 2073 induxisset,
806 2006 958 2058 servandum
971 2004 1021 2057 tuit
1032 2023 1080 2076 per
1094 2016 1140 2057 to-

35 2079 74 2121 tm
87 2072 235 2142 Virgilium.
271 2075 322 2142 (-
340 2073 383 2130 52
403 2073 485 2140 boue,
502 2075 550 2127 sed
567 2077 671 2146 isuprs
683 2076 781 2147 scripte
794 2077 891 2130 Medic.
912 2076 984 2145 Wr.)

34 2245 190 2324 Cithaeron,
214 2247 365 2326 Taygetus
377 2256 409 2307 et
421 2247 557 2329 Epidau·
599 2249 717 2330 intpp,
738 2250 873 2330 inprimis
883 2249 1040 2310 Martinus.
1077 2253 1140 2309 Ar-

34 2353 78 2393 m.
115 2336 161 2395 lta
181 2333 221 2393 de
241 2353 418 2409 vaccarum,
448 2353 558 2394 canum
600 2336 696 2394 deutra
712 2357 837 2414 pugnae
858 2356 903 2396 vs.
922 2334 964 2400 46
986 2333 1140 2414 Augusteo

33 2427 55 2476 et
66 2441 203 2497 equarum
217 2419 342 2479 vocibus
358 2420 558 2480 communiter
600 2421 717 2480 saeculo
736 2421 873 2500 indignos
893 2428 993 2480 censet
1004 2421 1140 2481 Warton.

33 2505 118 2582 rigose
135 2508 254 2566 clamor
266 2505 422 2564 commode
433 2505 559 2586 praedi-
601 2513 633 2564 at
644 2505 787 2580 studium,
806 2509 918 2580 virius,
939 2505 1065 2578 mrtem
1087 2525 1140 2564 ar-

33 2593 197 2672 ceripotuit.
225 2591 272 2650 lta
285 2591 409 2650 tandem
422 2611 486 2650 rem
500 2609 559 2650 ex-
601 2591 671 2649 dent
692 2602 892 2670 pugnantes,
917 2610 1031 2666 pugna
1048 2589 1137 2664 calet,

32 2675 143 2752 peditam
157 2685 246 2760 puto.
291 2673 413 2758 (Senem
427 2685 486 2736 est:
507 2695 559 2736 res
590 2676 711 2756 fervet;
734 2675 898 2754 quidmst,
919 2675 1026 2732 surlet?
1097 2722 1100 2730 .

32 2766 150 2838 pemeria
161 2761 358 2824 vehementer
370 2762 556 2842 postulst—
642 2760 789 2834 497-51.
812 2760 854 2818 De
871 2759 972 2820 seturs
985 2767 1139 2818 armento-

32 2849 96 2922 qood
116 2861 161 2910 est
179 2859 271 2910 vocat
291 2849 407 2926 ingenti
426 2849 556 2906 clamore
598 2867 668 2908 rum
682 2855 818 2921 scherus,
837 2863 999 2906 vaccarum
1009 2845 1140 2924 optima-

31 2963 61 2978 -·
72 2936 205 2996 studium
216 2953 325 2993 meum.
338 2931 451 3014 Woh.)
474 2935 556 3011 Epi-
598 2953 687 3008 rum,
714 2951 790 3010 quse
806 2939 895 2992 tauro
911 2929 1049 2989 submitti
1067 2950 1141 3010 pos·

30 3017 125 3079 murus
138 3041 210 3081 cum
226 3027 294 3078 tota
305 3017 447 3098 Argolide
461 3039 555 3098 equo-
598 3018 673 3094 sint,
695 3026 784 3078 notas
802 3035 942 3076 enomere
958 3015 1073 3096 incipit.
1102 3015 1140 3074 cl.

30 3123 160 3166 umerus
171 3104 293 3165 nobilis:
306 3105 362 3164 nisi
376 3103 555 3164 exHomero
598 3103 696 3163 Varro
708 3103 744 3162 R.
757 3103 794 3162 R.
808 3101 845 3178 ll,
866 3101 896 3168 6.
925 3101 1039 3162 cotum.
1056 3100 1104 3177 Vl,
1121 3104 1137 3164 1

29 3193 161 3269 tenueris,
183 3189 319 3252 viderel
334 3189 432 3270 lntpp.
446 3189 554 3248 Horat.
599 3197 631 3248 st
648 3193 700 3253 21.
729 3189 841 3249 Psllsd.
858 3187 948 3248 Mare
968 3187 1017 3247 tit.
1035 3187 1088 3263 Xl,
1109 3185 1139 3252 6.

29 3271 111 3338 Carus.
125 3278 146 3356 l,
163 3283 194 3355 7,
210 3281 231 3341 9
250 3277 367 3354 Aptum
383 3276 457 3334 dicit
472 3277 556 3354 eqrss'a
597 3272 970 3350 Ptin.v111,t5‚s.7o.
1005 3273 1139 3352 Oeopon.

29 3361 124 3438 Argoa.
155 3363 233 3422 cons.
247 3361 303 3421 inf.
322 3365 380 3425 121
400 3369 431 3420 et
445 3360 555 3419 Strabo
598 3359 697 3436 XVII,
717 3364 747 3424 2.
792 3360 992 3439 Olympiacae
1014 3361 1140 3416 miramo

29 3441 89 3522 Vlll,
103 3469 132 3528 p.
145 3448 218 3514 595.
262 3444 313 3510 48.
336 3445 468 3506 Sollenni
480 3463 555 3526 poe-
591 3448 736 3525 pmsmia
759 3446 910 3523 palmae,
948 3442 1092 3504 victorias
1122 3459 1140 3500 e

29 3535 114 3591 tuum
127 3533 217 3593 huius
230 3531 296 3590 aevi
313 3550 396 3590 more
412 3540 443 3590 et
457 3530 556 3592 srtifi-
598 3531 761 3591 certsmine
774 3529 888 3606 curuli,
904 3527 1059 3609 splendide
1072 3547 1138 3606 pro,

28 3615 65 3672 o'o
75 3617 200 3698 Augusti
217 3615 322 3678 leudes
339 3617 497 3697 ampliores
516 3614 556 3674 sd
598 3615 700 3676 studio
739 3615 938 3676 certaminum
979 3613 1138 3673 curulium.

28 3717 108 3762 annos
130 3704 256 3764 seriores
274 3703 439 3782 maiorique
452 3721 556 3762 rerum
598 3702 650 3768 62
672 3714 757 3781 tropa
769 3713 874 3779 oopus,
890 3700 991 3758 fronte
1002 3698 1064 3757 leta
1070 3719 1079 3774 3
1102 3706 1139 3758 ut

27 3793 52 3842 et
75 3791 146 3850 artis
174 3809 235 3850 usu
261 3788 397 3849 firmatos
429 3787 555 3868 seponit.
599 3806 701 3846 omnes
731 3786 893 3866 scriptores
921 3783 1037 3844 laudati
1071 3803 1138 3842 mo-

31 3871 163 3934 ll'tlronus
181 3885 212 3935 et
233 3874 297 3954 ipse
322 3874 479 3954 adgeritis
501 3871 556 3932 lu·
597 3882 690 3950 nent,
721 3871 802 3932 unde
822 3879 852 3930 et
872 3871 948 3950 βοῦς
968 3861 1137 3950 esipvpiro-

27 3953 209 4039 liseorigines
220 3959 362 4042 pertinet.
390 3959 556 4019 Erotenim
597 3981 656 4032 aroc
677 3966 709 4018 et
727 3953 971 4035 πλατυμέτωπος.
1009 3955 1079 4013 Neo
1098 3951 1138 4013 ob

28 4039 556 4127 Troissbnepos,Laomedontisfilius.
597 4037 1138 4122 adspectndecomsssolumellahpen·

28 4123 161 4210 Tempus,
182 4132 266 4210 qnod
285 4129 398 4190 abhoc
416 4127 557 4209 progeni-
598 4129 703 4188 ninum
719 4128 797 4186 alere
817 4125 937 4185 dixerat
949 4124 999 4200 VI,
1016 4129 1137 4202 1,2,et

28 4217 84 4270 lore
99 4212 181 4295 (usm
198 4240 219 4276 o
231 4219 337 4296 priora
354 4215 476 4275 Tithoni
494 4217 556 4274 oni·
596 4213 671 4272 Plin.
687 4213 761 4287 Vlll,
775 4211 827 4286 45,
845 4231 867 4270 s.
880 4214 923 4274 70
949 4211 1024 4268 Non
1042 4209 1136 4290 dege-

26 4299 87 4370 gine
102 4311 163 4376 est,
185 4323 203 4360 s
220 4298 366 4383 Tithono)
381 4299 500 4360 effluxit
516 4297 556 4357 sd
596 4319 678 4358 nem
706 4295 900 4357 exhumanda·
924 4295 1016 4354 stiam
1036 4299 1136 4354 mmm

28 4380 183 4464 Gaesarem,
210 4406 267 4464 pro
283 4386 403 4447 infinito
421 4395 555 4465 tempore
596 4383 721 4444 loudmo
748 4383 902 4460 adspersa.
948 4379 1010 4442 Noc
1035 4389 1136 4441 tamen

28 4469 148 4540 portitor.
189 4470 379 4554 Argutsntur
402 4481 434 4532 et
453 4471 486 4531 in
508 4468 556 4530 his
596 4473 690 4550 carpis
707 4477 739 4530 et
751 4487 882 4548 magnus
901 4475 1062 4548 propterea
1077 4487 1136 4549 pro
