2654 5000
177 398 242 470 nn
275 391 550 472 cnnnnsa
574 397 880 526 nonomen
1084 389 1133 479 aa

62 600 314 702 Transpadanae
332 601 487 705 Asinius
514 601 644 679 Pollio
665 625 846 704 praeesse
870 606 1013 706 coepit.
1056 609 1132 700 Qui

59 703 200 802 quidem,
225 695 365 806 quoni,
390 705 516 780 nobili
538 727 687 810 genere
708 716 832 802 ortus,
860 708 1133 790 litterisGrae-

58 808 94 878 cis
113 819 146 882 et
161 809 293 882 Latinis
313 807 508 905 imbutus,
534 811 693 908 ingenio
716 812 927 909 emineret,
941 837 1042 899 fnon
1067 836 1132 888 so-

59 907 119 982 lum
138 911 210 1010 ipsc
229 910 376 986 litteras
402 925 584 1014 artesque
607 913 746 1008 coluit,
772 914 844 990 sed
867 939 935 990 eos
956 940 1130 1017 qnoque,

56 1013 204 1112 aquibus
222 1013 314 1089 illas·
327 1013 405 1090 coli
429 1015 700 1116 comperisset,
749 1018 911 1118 Scripsit
927 1019 1009 1118 ipse
1033 1023 1129 1094 Tra-

56 1115 179 1208 goedias
202 1129 238 1192 et
254 1113 444 1215 magnum
466 1141 566 1219 opus
589 1118 640 1196 de
660 1117 821 1196 historia
852 1112 1052 1197 bellorum
1073 1122 1129 1198 ci·
1192 1215 1194 1220 ,

58 1217 169 1294 dium.
190 1219 299 1296 Idem
313 1221 482 1317 criticus,
508 1223 793 1320 grammaticos,
818 1223 1011 1316 rhetores,
1032 1249 1131 1324 poe-

55 1331 109 1414 tas,
141 1323 203 1398 sibi
216 1321 424 1401 familiares
448 1347 533 1400 esse
560 1325 701 1418 voluit,
736 1325 904 1401 domurn
940 1327 1131 1402 concessit

55 1423 310 1504 recitationibus.
364 1431 498 1522 Quum
521 1451 616 1502 vero
636 1435 743 1504 ‘esset
764 1428 843 1503 hoc
866 1430 950 1504 eius
974 1429 1045 1503 viri
1069 1429 1131 1507 in-

57 1527 195 1626 genium,
230 1529 316 1605 lieri
339 1541 621 1632 non-poterut,
662 1532 757 1633 quin
784 1532 895 1608 brevi
918 1543 1131 1634 postquam

56 1633 250 1725 pmrinciam
267 1633 471 1709 moderari
488 1645 683 1735 coeperat,
709 1633 940 1733 Virgilium,
954 1636 1034 1710 sive
1052 1635 1127 1709 iam

55 1745 135 1808 antea
156 1737 186 1810 ei
199 1737 444 1833 innotuerat,
481 1735 578 1813 dum
600 1737 737 1813 studiis
761 1737 1142 1836 uacaretVirgilius,·

53 1835 109 1910 sire
131 1849 213 1914 tnnc
239 1839 404 1916 demum
431 1865 506 1942 per
533 1842 764 1942 specimina,
806 1867 906 1942 quae
926 1841 996 1918 ille
1021 1840 1128 1916 exbi-

54 1935 166 2036 buerat,
187 1956 229 2018 ut
244 1942 434 2044 Culicem,
456 1945 496 2018 in
517 1945 600 2022 eins
615 1953 776 2019 venerat
797 1946 1127 2041 notltiam,··acce-

54 2037 123 2116 dere
140 2043 181 2118 ad
198 2069 238 2121 se
261 2043 401 2146 vellet,
430 2047 548 2148 eique
569 2045 719 2124 aditum
736 2045 862 2126 daret.
890 2053 1023 2143 Quum
1038 2047 1127 2124 Vir-

53 2141 135 2236 gilius
152 2159 228 2223 tum
246 2173 320 2251 per
343 2149 569 2227 studiorum
588 2153 795 2249 rationem,
822 2165 909 2228 tum
931 2173 1005 2252 per
1025 2150 1126 2226 vitae

54 2249 296 2350 conditorem,
324 2276 451 2356 quum
473 2275 584 2351 agros
612 2267 652 2329 et
671 2278 759 2330 rem
774 2255 997 2355 pecuariam
1015 2277 1126 2330 cura·
1149 2259 1152 2266 ’

53 2365 109 2447 ret,
141 2353 183 2430 ad
210 2369 377 2455 agrestes
406 2361 538 2434 Musas
573 2359 674 2433 esset
699 2381 953 2461 propensnss
981 2379 1126 2456 easque

54 2449 248 2536 hauddubie
263 2459 441 2559 diligenti
457 2457 787 2536 Theocriteorum
810 2459 1126 2534 carminumstu-

55 2551 100 2631 dio
116 2561 344 2654 ercohrisset3
367 2556 521 2659 Pollio,
547 2565 718 2642 Graecae
741 2561 971 2639 eruditionis
992 2583 1126 2634 aman-

53 2657 197 2759 tissimus,
232 2681 370 2744 auctor
394 2688 609 2768 suasorque
639 2667 795 2760 exstitit,
834 2665 942 2748 utstin
966 2659 1122 2760 bocge-

54 2781 121 2840 nere
143 2769 332 2866 ingenium
359 2781 559 2848 exerceret
581 2767 782 2866 Virgilius,
824 2767 873 2844 ad
904 2764 1015 2867 qnod
1046 2767 1125 2840 iam

53 2887 146 2968 prope
170 2887 375 2950 accesserat
392 2863 691 2948 'conscribendo
716 2871 862 2952 Culice.
916 2867 1036 2963 Quod
1057 2893 1126 2942 au-

55 2973 138 3047 ctoris
157 2975 421 3074 elegantissimi
443 2973 652 3053 consilinm
672 2987 717 3050 ut
738 2994 786 3050 eo
806 2969 916 3049 citius
936 2988 1125 3073 exseque-
1228 3073 1233 3086 .

54 3087 131 3150 retur
148 3077 328 3178 Virgilius,
350 3077 498 3154 sactum
522 3091 581 3154 est
601 3103 675 3179 per
694 3077 971 3174 Alexandrum,
997 3099 1123 3152 unum

56 3182 205 3279 spuens,
229 3185 295 3286 qui
320 3181 495 3260 Pollioni
522 3181 572 3256 ad
595 3176 739 3284 pocula
768 3191 887 3260 erant.

453 3421 579 3524 (Ecl.
603 3424 680 3524 11.)

126 3573 332 3680 Coeperant
360 3581 440 3659 iam
468 3593 580 3656 antea
603 3577 822 3654 nobiliores
840 3573 1012 3676 Romani
1034 3569 1124 3644 viris

58 3663 144 3751 doctis
171 3683 263 3759 adeo
291 3681 535 3760 familiariter
557 3683 633 3780 uti,
662 3695 708 3758 nt
734 3681 809 3757 sibi
842 3680 882 3753 in
907 3673 1124 3768 itineribus,

59 3779 175 3866 Vardo
194 3807 354 3886 peregre
371 3785 540 3882 abibant,
567 3797 633 3860 aut
652 3786 734 3860 nari
756 3782 921 3860 comites
943 3801 1027 3854 esse
1040 3771 1124 3850 vel-

62 3865 121 3971 lut,
142 3885 239 3964 dorni
262 3903 396 3969 antem
420 3914 493 3989 per
516 3890 642 3964 otium
664 3901 704 3963 et
726 3889 766 3963 in
785 3883 911 3987 epulis
933 3882 1123 3956 convivas.

61 3973 184 4064 boinde
205 3993 343 4088 Pollio,
371 3995 440 4095 qui
461 3993 568 4068 bunc
591 4013 750 4075 rnorem
776 4011 861 4065 non
879 3983 1011 4060 solum
1029 4007 1124 4088 pro-

61 4091 118 4170 pter
139 4097 474 4191 consuetudinem,
519 4119 621 4197 quae
652 4097 730 4170 iarn
765 4089 998 4184 invaluerat,
1051 4083 1125 4162 sed

60 4199 180 4286 liopter
200 4199 378 4276 indolem
396 4201 565 4274 nativam
586 4197 818 4292 adsciverat,
856 4189 991 4293 paullo
1013 4201 1125 4291 post-

62 4303 145 4380 lltffl
160 4297 329 4400 Virgilius
353 4303 390 4380 ei
417 4303 660 4396 innotuerat,
701 4299 752 4375 ad
781 4312 929 4374 coenae
960 4297 1125 4370 societa-

62 4393 287 4485 tmtnvuavn,
337 4407 398 4486 lbi
416 4404 598 4513 Virgilius
621 4422 746 4508 quum
760 4399 1026 4482 Alexandrum
1041 4393 1120 4483 for-
