2784 4988
253 412 375 466 rxvrn
415 389 592 466 PRAEF.
621 389 834 478 SECUND.
852 389 987 468 EDIT.
1002 391 1231 470 LXXXVIII

256 575 558 654 emendandum
583 573 811 678 relinquere
833 577 896 676 iis,
932 578 1001 680 qui
1021 577 1200 656 madidas
1223 603 1246 654 e
1270 577 1373 680 prelo

255 680 408 757 chartas
423 681 620 779 corrigere
634 703 835 780 recepere.
886 680 1160 758 Redeundum
1175 684 1309 784 itaque
1326 697 1374 757 est

254 783 363 860 haud
402 784 522 863 dubie
563 783 613 859 ad
648 784 845 862 editiones
869 785 1108 866 Heinsianas.
1127 813 1133 836 ··
1166 787 1373 863 Enimvero

256 889 374 964 etiam
395 887 471 964 hae
494 886 612 962 valde
637 887 742 964 inter
765 913 807 964 se
832 888 1074 990 discrepant,
1110 915 1203 965 curn
1226 891 1271 965 in
1293 892 1373 966 scri-

187 1037 194 1042 ·
254 993 412 1093 ptionc‚
447 1012 519 1067 seu
550 989 852 1093 orthographia,
886 995 1165 1105 tum.maxime
1197 993 1238 1068 in
1261 995 1373 1070 inter-

253 1096 481 1198 punctione.
680 1182 683 1190 ,

358 1201 567 1296 Ceterum,
594 1195 755 1274 fortuna
770 1196 898 1300 aliqua
918 1198 1106 1300 propitia,
1133 1199 1232 1276 mihi
1257 1201 1374 1276 conti-

253 1303 328 1401 git,
363 1315 409 1378 ut
431 1302 612 1378 lectionis
634 1300 868 1400 Virgilianae
893 1301 1054 1378 annales
1077 1303 1256 1380 condere
1279 1327 1373 1380 nunc

253 1430 415 1508 possem
434 1405 606 1482 meliore
630 1429 721 1498 curn
738 1403 821 1481 fide
843 1429 887 1480 ac
901 1404 1083 1507 plenius,
1103 1431 1224 1508 quarn
1238 1408 1284 1482 in
1300 1407 1373 1484 cdi-

253 1511 365 1586 tione
385 1511 531 1610 priore.
562 1567 566 1578 .
586 1503 689 1598 Cum
712 1510 819 1584 enirn
838 1507 1033 1586 editiones
1047 1509 1209 1587 Aldinas
1229 1511 1284 1587 ad
1299 1535 1372 1586 ma-

253 1637 330 1688 nus
358 1611 562 1697 ‚haberem
606 1636 776 1706 omnes,
824 1613 1121 1714 comparatione
1157 1614 1373 1713 diligentius

252 1713 354 1791 facta
376 1715 542 1792 tandem
568 1715 628 1808 id,
662 1715 774 1817 quod
796 1717 1013 1816 suspicatus
1040 1741 1166 1816 erarn,
1193 1717 1371 1812 intellexi,

253 1820 412 1895 tertiam
425 1845 446 1895 a
459 1820 657 1917 Naugerio
674 1819 930 1896 emendatam
944 1822 1127 1897 omnium
1142 1846 1226 1898 esse
1240 1846 1372 1898 ernen-

188 2018 190 2025 .
254 1921 508 2020 datissimam‚
535 1937 575 1998 ct
588 1924 739 2000 Heinsii
756 1947 878 2024 opera
893 1949 967 2000 nos
980 1923 1224 2028 plerumque
1240 1950 1370 2028 snper-

252 2025 396 2117 sederc
416 2028 614 2127 potuisse,
648 2029 792 2104 sicam
816 2026 1036 2104 editionem
1060 2029 1284 2129 exprimere
1297 2054 1370 2104 ma-

251 2127 416 2205 luissent
433 2129 607 2206 editores
622 2130 876 2233 sequentinm
890 2145 1142 2232 temporum,
1175 2156 1299 2232 quam
1313 2131 1371 2209 Al-

254 2230 366 2308 dinas
391 2233 546 2333 priores
578 2245 619 2308 et
644 2233 894 2320 Florentinas
925 2259 971 2310 ex
1003 2235 1048 2310 iis
1082 2235 1217 2312 ductas
1247 2237 1370 2338 operis

147 2427 151 2438 Ι
251 2335 504 2438 excudendas
527 2336 705 2434 tradere,
741 2351 814 2413 aut
829 2363 876 2414 cx
897 2337 1041 2415 Aldina
1054 2341 1189 2440 priore
1205 2352 1246 2416 et
1265 2339 1370 2416 tertia

251 2462 399 2514 novam
422 2439 637 2516 lectionem
659 2439 879 2518 miscellam
902 2439 1087 2522 conflare.
1150 2444 1304 2520 Verum
1326 2441 1369 2516 de

142 2535 155 2641 J
250 2540 313 2618 his
330 2543 422 2620 vide
439 2541 541 2620 insta
557 2543 607 2622 de
619 2544 719 2625 Edd.
776 2547 857 2626 Scr.
873 2546 1083 2645 Gottingae
1099 2551 1151 2626 M.
1163 2545 1370 2625 Decembri

253 2668 577 2772 croroccnrxvn.
638 2662 651 2672 ‘
