2784 4988
151 353 194 410 ιι
308 437 311 448 .
361 321 362 334 ¹
510 327 922 405 ranararro

152 523 270 608 rima
285 519 551 639 profecerim
569 535 612 603 et
633 519 829 632 quotidie
848 517 1086 636 proficiam
1102 550 1125 604 e
1141 547 1279 636 prae-

154 638 412 728 stantissimi
440 635 541 727 Viri
568 636 693 726 liaris
731 638 875 722 omnis
907 637 1169 722 eruditionis
1200 669 1280 755 ge-

153 787 262 845 nere
299 755 621 861 refertissimis,
667 783 788 840 nunc
820 756 982 841 acriter
1017 785 1279 872 persequar,

155 877 195 961 si
224 905 335 990 quoe
365 873 415 956 in
443 889 537 958 tam
565 874 699 988 longo
729 873 802 958 ille
827 874 944 958 fudit
965 901 1122 990 opere,
1156 902 1282 958 erro.-

154 1023 239 1081 rcs.
299 992 454 1104 Itaque
486 989 709 1104 quidquid
740 991 937 1076 continet
960 993 1091 1075 tertia
1113 990 1283 1106 Heynii

157 1112 318 1214 editio,
359 1109 409 1193 id
436 1109 485 1193 in
523 1109 610 1194 hac
650 1127 809 1221 quarta
844 1139 974 1195 omne
1004 1109 1283 1195 redhibitum

154 1229 340 1314 videbis
400 1223 551 1312 Unum
585 1227 700 1311 mihi
736 1228 871 1312 licere
910 1228 1093 1344 putavi,
1142 1243 1193 1310 ut
1230 1228 1284 1312 in

45 1427 52 1442 ,
156 1363 384 1459 contexto,
421 1345 461 1429 si
491 1372 628 1458 quam
657 1345 923 1430 deteriorem
950 1346 1192 1430 lectionem
1220 1347 1281 1430 ab

154 1463 329 1581 Heynio
360 1463 558 1548 viderem
586 1480 836 1580 receptam,
866 1491 1133 1580 reponerem
1163 1490 1283 1570 eam,

156 1609 296 1696 quam
325 1581 520 1665 rationes
552 1580 731 1666 criticae
753 1581 1143 1686 commendarent3
1175 1581 1284 1664 reli-

156 1700 280 1816 gioni
309 1699 430 1783 enim
459 1697 704 1804 ducebam,
743 1699 1061 1784 nitidissimum
1097 1715 1285 1814 poetam

155 1819 210 1902 iis
243 1817 392 1902 adhuc
431 1816 620 1901 macuiis
658 1817 959 1900 deformatum
997 1816 1114 1933 pati,
1161 1843 1282 1928 quae

158 1935 332 2020 dudum
364 1915 502 2019 cranf
520 1933 854 2048 abstergendae.
916 1933 1008 2018 Sed
1037 1951 1088 2018 ut
1113 1935 1184 2018 vel
1214 1934 1283 2020 sic

157 2051 307 2138 statim
336 2054 384 2137 in
415 2053 569 2137 oculos
592 2052 863 2156 incurreret,
894 2051 1056 2164 quida
1080 2081 1153 2136 me
1178 2081 1286 2136 mu-

156 2187 298 2256 tatum
315 2187 440 2275 esset,
459 2169 548 2288 ipsi
565 2171 705 2254 textui
719 2171 893 2254 subieci
908 2168 1145 2254 lectionem
1161 2169 1286 2285 Hey-

96 2323 102 2332 ·
156 2290 355 2373 nianam.
417 2282 522 2390 Oua
550 2288 599 2372 in
627 2317 675 2372 re
704 2287 893 2372 videbor
914 2291 1101 2372 fortasse
1127 2289 1283 2374 multis

159 2403 224 2523 (et
246 2407 365 2493 visus
384 2405 500 2490 mihi
529 2433 631 2490 snm
659 2405 886 2490 interdum
915 2403 1021 2522 ipsi)
1052 2407 1184 2492 nimis
1210 2405 1286 2488 di·-

156 2525 298 2640 ligens
315 2522 471 2628 fuisse,
504 2523 582 2635 qui
602 2522 791 2634 quodvis
819 2525 954 2608 etiam
973 2551 1151 2608 comma
1174 2523 1286 2608 sub-

157 2641 299 2729 latum
329 2669 357 2726 a
385 2643 562 2726 merel
598 2640 805 2725 additum
842 2641 1034 2726 indicari
1069 2657 1282 2727 accurate

156 2759 361 2845 viderint.
418 2757 524 2844 Feci
551 2760 638 2844 hoc
670 2758 855 2871 quidem
883 2761 932 2843 in
960 2759 1106 2876 primo
1136 2758 1284 2844 Volu-

157 2879 302 2985 mine3
341 2877 420 2962 sed
447 2877 489 2962 si
516 2877 647 2978 mihi,
678 2894 728 2961 ut
755 2906 907 2993 spero,
945 2879 1132 2963 lectores
1162 2878 1284 2962 hanc

157 3011 328 3079 tantam
357 2994 615 3107 religionem
638 2993 906 3099 remiserint,
937 2996 986 3080 in
1013 2996 1168 3083 ceteris
1188 2993 1285 3078 Vo-
1305 3009 1319 3040 ⁴

133 3209 136 3214 1
157 3111 403 3196 luminibus
435 3129 654 3196 mutatam
680 3139 708 3196 a
732 3141 804 3194 me
828 3113 1154 3198 distinctionem
1184 3129 1284 3196 tum

159 3227 344 3314 demum
372 3227 605 3333 indicabo,
636 3229 718 3312 ubi
739 3257 793 3313 ea
813 3258 885 3312 res
909 3229 1012 3346 plns
1034 3230 1093 3324 ad
1118 3229 1284 3314 intelli-

11 3345 21 3368 “
158 3347 352 3460 gendum
362 3362 564 3550 ¹{poetam
587 3347 754 3430 habere
789 3348 1006 3431 momenti
1036 3349 1150 3432 mihi
1184 3347 1283 3430 visa

400 3480 418 3548 t

157 3461 302 3550 fuerit.
456 3463 510 3548 de
541 3462 714 3548 ratione
754 3465 1101 3584 interpungendi
1139 3493 1283 3578 quum

158 3582 340 3697 longum
366 3583 423 3668 sit
441 3581 609 3688 dicere,
642 3581 888 3666 differenda
908 3601 973 3667 est
995 3585 1110 3669 haec
1127 3583 1284 3699 dispu-

157 3700 264 3784 tatio
291 3700 341 3783 in
372 3699 498 3784 aliud
528 3718 724 3816 tempus,
760 3701 800 3782 si
828 3701 1007 3813 quando
1034 3701 1146 3785 forte
1178 3702 1281 3818 plus

158 3817 273 3900 mihi
302 3818 533 3933 contigerit
558 3819 648 3902 otii.
708 3817 833 3903 Nunc
864 3819 1047 3930 quidem
1075 3819 1282 3904 nondum

161 3962 382 4020 eam-rem
414 3937 474 4020 ad
507 3953 649 4021 certas
683 3936 902 4048 quasdam
936 3938 1110 4053 regulas
1145 3963 1173 4020 a
1206 3964 1280 4021 me

159 4069 412 4138 revocatam
463 4081 556 4138 esse
597 4053 730 4138 facile
771 4053 1018 4170 intelliges3
1070 4054 1180 4138 illud
1213 4071 1283 4138 ta·-

159 4197 264 4254 men
295 4171 524 4277 fateberis,
561 4172 703 4256 multa
734 4173 891 4257 melius
918 4174 966 4256 in
999 4189 1160 4286 quarta
1192 4173 1281 4258 hac

161 4285 356 4372 editione
381 4288 611 4401 distingui,
650 4304 787 4402 quarn
810 4290 857 4374 in
878 4291 1019 4375 tertia.
1080 4289 1283 4375 Plurima
