2710 4998
195 395 246 449 cx
405 373 446 446 Ρ.
473 371 689 455 vmeuu
707 369 949 490 uiuonls
976 373 1102 450 vrrs

193 567 236 626 At
253 565 388 626 Donatus
408 559 439 643 §.
455 567 478 626 .7
488 585 495 621 ι
524 559 585 620 Sed
604 559 754 637 Virgilian
770 559 915 620 Ommono
935 563 1168 638 Mediolanum,
1202 577 1231 624 et
1253 565 1337 623 inde

188 653 300 731 parelio
309 661 377 729 post
390 649 546 726 Neapolita
559 648 763 704 tramite-se
778 648 811 703 in
830 645 938 706 Urbem
951 650 1085 707 contule
1131 647 1207 710 Uter
1219 651 1337 710 ver-ius

194 737 318 812 dixerit,
350 733 416 814 quia
439 732 565 794 definire
586 731 688 790 ausit?
732 731 824 792 Forte
845 751 883 791 ne
902 733 1030 794 Romam
1052 731 1174 813 quidem
1198 736 1337 795 omnino

192 833 258 882 tum
280 822 373 896 adiit,
403 828 469 894 aut,
499 816 628 891 siadiit,
656 817 687 876 in
708 835 813 896 agrum
831 837 919 878 suurn
932 839 1006 880 mox
1025 819 1336 900 secontulit,·quod

192 909 272 969 inter
285 908 356 966 belli
369 905 464 964 civilis
478 903 564 964 initia
577 903 767 982 iactumesse
779 904 935 983 probabile
952 904 997 964 lit.

277 1011 319 1068 De
341 1005 521 1070 iuvenilibus
535 1005 652 1084 Virgilii
670 1005 859 1086 poematibus
876 1029 906 1068 v.
919 1028 985 1088 sup.
1002 1008 1041 1068 ad
1053 1009 1206 1069 Donatum
1222 1006 1259 1090 §.
1275 1013 1335 1074 28.

642 1295 688 1370 U.
715 1291 757 1372 G.
784 1301 870 1373 709.

389 1473 428 1545 0.
456 1471 570 1542 Iulius
599 1421 741 1547 caesar
767 1471 935 1544 Weiss
965 1470 1129 1566 Collega.

467 1649 501 1697 o.
521 1623 560 1697 C.
577 1622 637 1698 45.
696 1623 843 1720 Virgilii
867 1623 1044 1703 25-26.

278 1795 389 1854 Alexin
408 1791 468 1854 hoe
490 1813 569 1854 anno
595 1794 895 1874 seriptum-coniicit,
931 1797 1060 1878 primam
1081 1805 1162 1856 certe
1185 1796 1330 1858 omnium

195 1969 235 2028 ad
249 1969 310 2027 Ecl.
323 1967 357 2042 V,
381 1969 432 2030 86.
475 1967 522 2026 Ex
541 1965 641 2025 verbis
661 1969 739 2028 enim
757 1967 848 2028 huius
869 1967 1009 2046 Eologae:
1040 1971 1117 2028 Hae
1129 1981 1156 2028 le
1175 1991 1230 2030 nos
1241 1971 1327 2049 sra-

193 2056 255 2134 gsli
275 2050 453 2111 donabimus
471 2063 540 2110 mate
562 2055 680 2126 ciosum
709 2056 800 2111 Haeo
819 2075 888 2129 noa,
921 2057 1098 2114 Formosum
1114 2056 1251 2134 Corydon
1271 2079 1327 2114 ar-

194 2139 284 2199 debat
297 2139 424 2212 Alexin,
447 2139 537 2195 Haeo
555 2138 660 2196 eadem
676 2138 796 2196 docuit:
828 2140 937 2198 Citium
946 2161 1056 2220 pressa,
1090 2161 1133 2200 an
1153 2140 1328 2201 Meliboei?

194 2226 335 2305 Eologam
354 2221 516 2282 secundam
530 2231 561 2281 et
578 2223 698 2282 tertiam
718 2233 789 2284 ante
806 2227 943 2302 quintam
960 2226 1049 2286 suisse
1067 2227 1210 2306 scriptam
1226 2247 1327 2307 appa-

193 2321 253 2372 ret.
296 2307 425 2371 Videtur
440 2317 541 2367 autem
564 2310 670 2386 quinta
692 2330 772 2368 anno
793 2314 856 2374 712
878 2311 958 2372 edita
979 2331 1057 2388 asse,
1084 2322 1120 2372 ut
1140 2333 1215 2372 mox
1234 2315 1326 2372 vide-

194 2399 303 2473 bimus,
316 2403 352 2455 ut
366 2393 441 2453 adeo
454 2393 515 2454 hoc
527 2403 606 2454 certe
620 2415 698 2454 anno
714 2396 847 2456 anterior
861 2395 900 2456 eit
912 2397 1021 2458 Alexis.
1050 2397 1111 2458 lam
1124 2407 1226 2458 autem
1238 2399 1324 2458 Mar·

193 2486 277 2544 tinus
297 2501 367 2542 cum
387 2481 449 2542 eliis
473 2477 516 2562 (v.
531 2501 603 2542 mox
618 2480 657 2540 ad
670 2480 757 2564 711.)
778 2491 809 2541 et
827 2480 887 2542 hoc
899 2484 1003 2564 ponit,
1028 2484 1182 2564 Virgilium
1202 2486 1324 2546 Caesari

194 2581 303 2631 notum
324 2569 428 2642 luisse,
460 2565 552 2644 idque
577 2566 660 2626 haud
687 2567 777 2628 dubie
805 2569 937 2628 carmine
961 2569 1077 2649 aliquo,
1114 2571 1197 2648 quod
1222 2572 1322 2650 ipsum

194 2675 315 2718 carmen
330 2655 442 2714 Alexin
463 2653 554 2712 fuisse
565 2655 749 2733 auspicatur,
777 2653 910 2732 adeoque
922 2655 955 2714 in
974 2655 1056 2715 hunc
1077 2677 1190 2716 annum
1206 2657 1308 2718 reiicit
1314 2679 1324 2732 ;

194 2740 431 2824 sequentiarum
456 2759 536 2798 anno
558 2741 671 2798 occisus
690 2741 749 2800 suit
775 2741 889 2799 Caesar.
939 2741 1042 2817 Vides,
1072 2751 1110 2802 ut
1131 2743 1262 2823 suspicio
1286 2763 1323 2802 ax

194 2825 360 2910 suspicione
382 2825 460 2885 necti
485 2825 588 2885 soleat.
631 2826 686 2885 Est
704 2835 804 2885 tamen
826 2827 951 2905 Eologae
970 2825 998 2886 11
1019 2848 1088 2886 eum
1110 2839 1321 2908 argumentum

193 2925 260 2976 tum
286 2923 352 2974 tota
375 2912 532 2986 tractatio,
567 2911 592 2970 si
613 2931 732 2972 sensum
754 2921 857 2986 tuum,
895 2933 956 2972 non
980 2914 1169 2992 opinionem,
1208 2915 1321 2990 audias,

193 2999 354 3075 eiusmodi,
378 3007 415 3056 ut
433 3017 496 3056 non
512 2997 613 3075 facile,
636 2997 693 3058 nisi
708 2998 741 3057 in
760 2998 891 3058 iuvenile
906 2999 1073 3079 ingenium,
1095 3001 1203 3061 cadem
1217 3004 1321 3082 possit.

638 3285 684 3363 U.
707 3286 748 3363 C.
774 3291 862 3364 710.

387 3457 426 3532 C.
454 3459 569 3530 Iulius
599 3459 738 3534 Caesar
769 3463 808 3538 V.
859 3461 913 3536 M.
941 3463 1123 3538 Antonias.

460 3637 494 3688 α.
526 3615 564 3690 C.
590 3617 652 3692 44.
710 3618 856 3714 Virgilii
880 3621 1057 3694 26—27.

276 3783 377 3844 Idibus
391 3783 509 3846 Martiis
523 3789 631 3850 Caesar
641 3789 800 3850 occiditur.
832 3791 923 3850 Varia
936 3799 1005 3870 post
1019 3789 1083 3852 eius
1098 3797 1229 3850 mortem
1244 3809 1316 3869 pro·
1344 3843 1350 3852 .

192 3869 290 3949 digia,
312 3891 342 3930 v.
357 3871 413 3930 Dio
428 3873 518 3948 XLV,
543 3880 592 3951 17,
615 3877 751 3956 inprimis
766 3877 818 3935 Sol
839 3886 906 3936 toto
925 3897 1004 3936 anno
1024 3875 1182 3957 pallidior,
1203 3897 1233 3936 v.
1246 3875 1317 3935 ibid

192 3965 223 4015 et
237 3954 391 4016 Plutarch.
404 3958 521 4018 Caesar.
537 3971 615 4020 extr.
644 3963 687 4022 Ea
702 3972 918 4022 commemorat
934 3962 1074 4042 Virgilius
1084 3963 1191 4042 Georg.
1209 3962 1233 4038 Ι,
1255 3961 1316 4025 466

192 4062 265 4120 sqq,
288 4041 340 4100 ubi
354 4043 390 4101 cf.
408 4044 476 4104 Not.
520 4047 680 4122 Octavius,
703 4055 884 4108 testamento
900 4049 1032 4108 Caesaris
1048 4068 1086 4108 ex
1099 4049 1250 4108 dodrante
1263 4045 1316 4106 he-

190 4147 239 4186 res
253 4127 410 4188 institutus
425 4139 456 4189 et
477 4129 508 4192 in
520 4133 661 4196 familiam
683 4135 815 4198 Caesaris
835 4153 1004 4214 nomenque
1024 4135 1203 4214 adoptatus,
1223 4131 1315 4214 Apol-

189 4212 271 4272 lonia
285 4214 412 4272 Romam
433 4216 540 4296 rediit3
562 4239 630 4278 eum
653 4229 752 4280 autem
770 4219 935 4282 Antonium
949 4221 1130 4301 iniquiorem
1150 4221 1184 4281 in
1204 4239 1234 4280 se
1256 4237 1315 4278 oasa

189 4299 322 4374 videret,
346 4299 548 4379 Optimotibus
562 4325 625 4364 sese
637 4305 786 4365 adiunxit.
829 4306 1019 4390 Apolloniae,
1047 4326 1123 4387 quae
1141 4307 1224 4388 Epiri
1245 4304 1314 4365 urbs

189 4394 249 4463 est,
273 4386 428 4446 aCaesare
445 4389 485 4448 ad
497 4389 626 4450 Parthos
642 4393 818 4472 profecturo
834 4395 1023 4474 praemissus,
1044 4394 1229 4472 mutuat,
1249 4403 1314 4456 stu-

189 4471 303 4552 diisque
318 4485 488 4537 vacaverat.
532 4479 656 4539 Sueton.
669 4478 778 4540 Octav.
791 4499 816 4540 o.
832 4483 861 4546 8.
