2654 5000
226 419 277 492 80
411 405 661 484 SPOHNII
687 399 1165 481 PROLEGOMENA

226 597 310 676 lovi
326 609 366 672 et
380 589 534 672 Caesari
546 592 661 670 heroi
675 587 872 666 ultoribus
887 585 1123 662 habebatur.
1169 588 1315 664 naecs

228 726 291 777 cra
306 697 477 774 natalitia
497 697 538 770 in
553 695 717 792 regione
737 687 1014 790 Transpadana
1038 713 1067 768 s.
1084 687 1220 764 Gallia
1235 685 1315 764 Cisal

226 803 318 904 pina
339 799 475 875 laetius
498 812 599 888 acta,
630 792 875 898 quamalibi,
904 791 1080 892 primum
1110 791 1229 892 quod
1245 789 1315 865 bell

225 903 439 984 Mutinensi
480 899 614 995 finito,
654 921 735 999 quo
766 895 833 974 illa
860 895 970 992 regio
997 895 1183 990 turbata,
1218 894 1315 982 laetis

227 1031 317 1109 spes
340 1004 556 1083 meliorum
584 1015 815 1101 temporum
833 995 1072 1095 allulgebat3
1117 1009 1213 1074 tum
1245 1009 1315 1098 qud

229 1115 370 1188 Caesar
395 1107 464 1184 diu
493 1104 717 1206 praefuerat
743 1102 805 1182 illi
828 1101 1073 1202 provinciae,
1121 1099 1315 1200 incolasqn

227 1214 340 1288 variis
352 1207 583 1287 nominibus
598 1209 672 1284 sihi
687 1205 898 1284 obstrictos
911 1203 1161 1283 reddiderat.
1194 1207 1315 1280 raven

228 1317 313 1417 ipse
342 1314 437 1406 illis,
471 1326 517 1390 ut
547 1313 615 1414 qui
638 1311 687 1387 ab
719 1311 764 1386 iis
783 1307 1061 1408 diligentum·
1083 1307 1267 1408 ideoque
1290 1325 1315 1390 at

229 1424 316 1500 705.
347 1420 524 1496 Dictator
557 1415 744 1492 omnibus
781 1413 840 1490 ius
868 1413 1028 1488 civitatis
1062 1409 1246 1491 dederat
1274 1409 1315 1488 nt

229 1527 331 1601 Cass
350 1520 373 1598 l
397 1523 512 1598 XLl.:
538 1579 560 1615 „
569 1530 646 1606 τοῖς
662 1517 862 1602 Γαλάταις,
889 1515 1098 1601 τοῖς·ἑντ6
1108 1549 1126 1604 c
1148 1523 1239 1596 ‘tois
1256 1519 1315 1594 'Aa

227 1659 341 1714 nsua
358 1627 449 1724 ὑπὲρ
467 1622 530 1701 τάν
541 1621 746 1720 Ἠριδανδν
760 1625 897 1699 οἰκοῦσι
912 1616 979 1720 τήν
993 1625 1192 1698 πολιτείαν
1208 1619 1279 1714 [ius
1293 1613 1315 1688 ci

229 1726 372 1823 vitatis)
398 1728 465 1804 dra
488 1730 547 1804 soi
569 1728 705 1825 ἄρξας
732 1721 874 1817 αὐτῶν,
908 1728 1099 1819 (au-700)
1129 1725 1315 1802 &atomos

227 1829 413 1929 Denique
442 1828 560 1902 etiam
585 1850 741 1928 poenae
759 1823 1005 1925 propositae,
1038 1825 1072 1900 si
1096 1837 1250 1918 essent,
1279 1837 1315 1920 qt

230 1931 513 2022 detrectarent,
540 1929 824 2028 adegerunt.
1314 1949 1315 1976 t

329 2037 435 2132 Ergo
458 2032 660 2132 Virgilius,
686 2033 790 2108 inter
813 2030 920 2123 illos,
944 2028 1165 2130 populares
1188 2023 1315 2108 suosv't

231 2161 349 2233 vens,
376 2149 442 2212 aut
457 2136 508 2212 ad
523 2136 625 2211 haec
638 2136 720 2236 ipsa
739 2132 1073 2228 concelebranda,
1110 2145 1269 2212 autnon
1287 2126 1315 2198 ia

228 2239 359 2317 multo
397 2252 513 2340 post,
561 2238 634 2314 hac
667 2239 963 2339 opportunitate
1007 2237 1222 2328 excitatus,
1263 2251 1315 2304 om

228 2367 326 2418 men
361 2341 594 2443 composuit
656 2344 746 2442 Ipse
779 2342 932 2419 Caesari
964 2340 1070 2415 bene
1092 2337 1200 2416 velle
1225 2333 1315 2410 debe

228 2445 314 2540 hat,
345 2457 391 2522 ut
422 2467 526 2522 unus
560 2456 615 2520 ex'
642 2445 704 2540 iis,
747 2445 814 2546 qui
841 2446 901 2523 ius
928 2445 1087 2520 civitatis
1116 2444 1167 2520 ah
1196 2440 1259 2516 illo
1276 2447 1315 2508 act

230 2563 450 2650 ceperant3·
471 2561 560 2626 tum
582 2548 694 2649 quod
718 2549 891 2626 Caesaris
914 2570 1051 2624 revera
1083 2559 1198 2623 eraut
1217 2551 1315 2618 tantae

228 2654 411 2747 virtutes,
435 2663 500 2746 ut,
526 2651 557 2726 si
584 2652 709 2751 prisca
730 2651 971 2752 reipublicae
991 2648 1125 2726 forma
1140 2659 1315 2754 remanere

230 2755 400 2857 amplius
418 2755 497 2834 iam
520 2775 605 2829 non
627 2768 778 2856 posset,
804 2755 883 2830 hoc
896 2753 1156 2830 moderatore
1178 2755 1315 2830 Roman

228 2856 367 2936 felices
382 2857 549 2935 fuissent
564 2855 708 2952 suturi3
735 2858 883 2935 deinde
904 2857 1056 2936 consilii
1075 2877 1233 2959 quoque
1247 2855 1315 2927 erat?

182 3043 190 3062 ,
228 2963 462 3050 Triumvifis
490 2958 735 3060 siguificare,
770 2962 892 3038 talem
920 2959 995 3038 sibi
1030 2985 1119 3039 esse
1145 2961 1315 3038 mentem*

228 3063 407 3165 denique
438 3065 598 3147 accessit
624 3066 710 3141 sine
733 3064 857 3141 dubio
883 3060 1075 3144 Pollionis
1100 3064 1222 3140 amice
1243 3053 1315 3128 hor-t

227 3168 344 3241 tantis
368 3166 610 3263 admonitio,
644 3169 711 3271 qul
735 3167 829 3244 favit
850 3182 993 3269 poetae
1014 3167 1189 3270 ideoque
1209 3151 1311 3268 velulis

162 3297 168 3302 ·
229 3281 276 3345 ut
298 3268 360 3346 his
381 3269 721 3370 periculosissimis
748 3285 831 3348 tem
888 3271 1001 3350 ribus·
1018 3271 1122 3347 vitae
1146 3293 1190 3346 ac
1213 3259 1315 3346 salqu

229 3385 333 3450 osset
361 3386 500 3454 cortus.
549 3374 707 3451 Idcirco
729 3376 776 3454 V'
827 3377 931 3471 'ius,
954 3387 1231 3476 utsepoetam
1250 3371 1315 3436 ὥς(

227 3475 482 3576 significaret,
507 3477 581 3552 sub
599 3475 727 3556 finem
740 3480 921 3555 carminis
939 3480 1189 3558 montionem
1203 3481 1308 3548 aonam

231 3582 452 3658 carminum
493 3581 674 3678 insemit,
722 3607 824 3685 quae
851 3582 989 3684 paullo
1027 3595 1119 3658 aute
1160 3572 1307 3657 editlertl

227 3689 280 3761 At
319 3707 417 3760 vero
454 3683 637 3784 Virgilius
671 3685 848 3788 quodam
886 3685 995 3788 quasi
1034 3685 1231 3761 inmitior
1259 3671 1305 3743 5⁵¹²

228 3789 363 3864 omnia
391 3786 550 3880 velavit3
581 3789 777 3889 primum,
808 3813 862 3865 ne
881 3791 1002 3864 trimis
1024 3787 1306 3869 offenderetur

225 3911 298 3966 vae
325 3915 463 3968 rerum
481 3888 637 3968 formae
660 3915 796 3968 osores
821 3905 862 3968 et
886 3906 1072 3968 strenuos
1092 3889 1302 3990 antiquofflffl

225 4001 470 4093 tempomm.
486 3993 727 4085 laudatorem
760 4009 848 4072 tum
876 3993 1051 4072 fortassis
1072 3997 1204 4087 etiam,
1227 3965 1302 4090 q¹¹⁰l

226 4095 312 4194 ipse
335 4095 465 4172 noluit
483 4097 611 4198 palam
636 4095 773 4174 laudes
793 4101 968 4177 Caesaris
988 4099 1200 4186 celebrares
1223 4085 1301 4194 ‘10⁰3‘

228 4220 308 4299 que
325 4199 437 4299 quod
459 4196 540 4277 hoc
566 4200 810 4301 aptissimum
830 4215 912 4280 erat
940 4201 990 4277 ad
1017 4203 1192 4278 colorem
1208 4191 1301 4292 p00⁸¹'

227 4323 318 4408 cum
347 4304 509 4378 carroini
546 4303 863 4402 conciliandum,
962 4305 1017 4382 od
1051 4321 1118 4382 aut
1146 4288 1298 4396 frigidum·

226 4416 293 4479 aut
329 4403 462 4480 minus
496 4404 652 4506 elegans
668 4405 865 4501 ’facillime
936 4409 991 4484 eri
1020 4421 1174 4509 posset,
1210 4399 1296 4495 quun
