2606 5008
176 397 254 475 254
531 391 847 472 EXCURSUS
874 395 946 474 ll*

176 585 310 646 Caesaris
331 585 443 644 aminis
466 601 537 644 esse.
580 583 639 643 Pro
660 582 765 649 eodem
787 585 890 665 itaque
910 605 981 646 cunr
1002 585 1034 646 L
1054 586 1132 646 Varo
1149 587 1265 668 Epicuro

175 671 350 732 habuerunt
363 689 431 730 enm
447 669 507 730 viri
521 669 613 745 docti,
634 670 667 729 in
683 669 730 730 his
741 670 868 732 Messon
882 673 941 732 vit
954 673 1063 732 Horat.
1069 693 1099 752 p.
1104 677 1172 738 222
1189 673 1268 732 lidea

176 758 252 819 adeo
266 755 384 816 ethaeo
397 755 506 834 Ecloga
521 753 561 814 VI
575 756 719 835 inscripta
734 757 832 818 videri
844 767 959 838 potest:
977 759 1002 818 si
1017 779 1121 818 verum
1133 767 1188 834 est,
1206 758 1268 836 quod

176 841 433 918 Sentiacum,
454 839 572 900 Phocoe
589 841 622 901 in
641 842 710 902 Vita
727 841 808 922 Virg.
829 864 859 904 v.
873 847 924 920 68,
946 844 1056 904 Donati
1075 845 1108 904 in
1119 843 1153 904 V.
1165 843 1197 904 V.
1210 848 1268 907 etl

175 931 236 991 fide
254 929 403 1004 traditur,
430 928 463 986 in
483 947 513 988 v.
530 931 569 991 31
584 947 647 1006 sqq.
666 927 847 1008 Epicureum
870 929 979 1010 dogma
1000 931 1144 1010 proponi3
1164 931 1268 1010 sipono

176 1017 313 1097 Syronis,
336 1011 507 1095 philosophi
520 1013 660 1093 Epicurei
675 1031 691 1072 e
704 1014 846 1074 Cicerone
860 1017 941 1092 noti,
962 1037 1025 1078 una
1035 1037 1106 1076 cum
1117 1017 1192 1076 Varo
1204 1015 1269 1074 rudi

175 1111 227 1162 tor
246 1103 304 1162 suit
326 1100 476 1178 Virgilius.
518 1102 599 1158 Sunt
620 1109 723 1160 tomen
740 1099 815 1160 brec
840 1102 940 1162 omnir
956 1111 1019 1161 tum
1038 1123 1147 1181 parum
1163 1101 1270 1161 firmato

175 1187 263 1266 fidei,
283 1195 320 1247 ut
333 1185 409 1246 nihil
428 1185 487 1244 illis
506 1185 645 1264 equidem
665 1185 824 1248 confidam.
867 1189 981 1248 Contra
999 1209 1122 1268 gravem
1135 1187 1269 1248 dubitatio·

176 1293 245 1334 nem
266 1280 370 1332 movet
391 1270 535 1334 adversus
554 1269 635 1331 banc
655 1271 786 1332 Messeni
806 1273 975 1354 opinionem
996 1273 1072 1350 hoc,
1103 1273 1183 1354 quod
1198 1274 1270 1334 van

176 1359 291 1440 Virgilii
310 1357 408 1418 nostri
426 1357 506 1416 bello
526 1356 624 1417 clarus
651 1358 725 1418 fuit:
753 1379 824 1418 nam
836 1359 898 1420 Ecl.
913 1359 961 1436 vl,
978 1365 1000 1424 7
1017 1373 1119 1437 enuit,
1141 1360 1270 1441 qnidimr

176 1446 297 1522 londes,
324 1447 422 1519 Vara,
450 1455 520 1502 tuas
538 1447 679 1522 cupiant,
696 1455 725 1502 et
743 1447 839 1503 vulin
862 1447 986 1506 eandm
1001 1445 1106 1506 bella:
1128 1447 1162 1507 id
1174 1445 1270 1526 quadis

175 1532 355 1613 Epicureum
372 1529 457 1590 illum
470 1527 682 1608 philosophum
698 1545 759 1589 non
772 1531 862 1592 cedit.

266 1618 301 1678 ln
313 1615 379 1676 loco
395 1615 455 1674 Ecl.
470 1613 523 1689 lx,
537 1615 579 1680 35
595 1615 685 1694 vulgo
699 1617 868 1696 legebatur:
891 1619 981 1678 Nam
997 1639 1095 1699 neque
1108 1618 1203 1680 adbuc
1214 1615 1271 1676 Viro

175 1703 280 1766 videor
295 1723 350 1762 nec
373 1703 469 1760 dicere
495 1701 593 1760 Chusa
611 1703 741 1779 Digna,
773 1703 828 1761 sed
842 1717 966 1783 argutos
987 1707 1067 1763 inter
1080 1718 1200 1783 strepens
1210 1721 1272 1760 aas!

176 1791 278 1850 olores.
321 1788 353 1847 Si
374 1787 434 1846 hoc
453 1795 536 1846 recte
555 1805 586 1844 se
605 1783 743 1847 baberet:
771 1799 854 1850 recte
865 1790 1006 1850 inferres:
1038 1791 1153 1850 Varum
1166 1799 1271 1868 autpoe

176 1885 241 1936 tam
256 1883 310 1934 aut
322 1873 489 1934 carminum
509 1871 638 1932 iudicem
657 1873 889 1953 bonennias,
910 1877 994 1956 prius
1006 1875 1088 1938 illud
1097 1879 1207 1952 variae
1223 1891 1270 1932 nan

177 1961 272 2020 Cinna
287 1969 378 2018 notus
392 1959 463 2018 satis
476 1967 567 2038 poeta
579 1958 655 2034 suit,
677 1980 740 2018 non
754 1961 892 2038 criticus;
913 1963 957 2022 ito
971 1981 1045 2023 vero
1068 1962 1107 2022 de
1122 1963 1196 2024 Varo
1209 1968 1271 2041 poelt

176 2047 273 2106 multo
297 2045 392 2106 maior
413 2043 563 2104 dubitatio
584 2043 766 2106 suborietur.
815 2047 977 2108 Enimvero
997 2049 1098 2108 multo
1122 2047 1271 2129 probabilius

176 2131 228 2208 fit,
263 2134 297 2192 V
293 2135 357 2190 arlo
381 2129 540 2210 legendum
564 2139 595 2188 et
617 2129 655 2188 de
674 2133 714 2190 L.
737 2135 833 2201 Vario
852 2135 967 2212 tragico
980 2133 1085 2194 locum
1101 2133 1270 2216 accipiendum

176 2237 255 2293 esse,
278 2217 316 2275 de
329 2237 389 2296 quo
402 2217 465 2276 vid.
478 2217 517 2275 od
532 2215 641 2276 Donat.
656 2216 716 2276 vit.
733 2217 813 2298 Virg.
827 2240 850 2278 s.
866 2223 907 2284 80
922 2229 954 2279 et
968 2221 1019 2285 53.
1035 2229 1131 2300 atque
1143 2217 1271 2280 reuredum

175 2301 252 2362 baec
265 2305 300 2361 V
295 2306 359 2361 orio
372 2303 501 2382 reposui.

262 2387 353 2469 Apud
366 2389 503 2449 Servium
517 2389 556 2447 ad
570 2389 630 2450 Ecl.
646 2389 704 2466 IX,
725 2388 765 2454 35
780 2389 906 2468 legitur:
934 2389 1030 2466 „Nam
1043 2389 1149 2451 Varus
1164 2392 1271 2452 victore
1293 2457 1294 2461 η

177 2473 243 2536 dux
254 2475 321 2551 fuit,
344 2475 393 2534 cui
404 2495 495 2554 supra
509 2475 667 2534 blanditur
674 2479 711 2550 “,
734 2473 816 2535 unde
830 2475 941 2556 colligit
953 2475 1078 2537 doctiss.
1092 2475 1237 2536 Ruhnken.
1246 2469 1272 2528 ed

175 2561 278 2622 Vellei.
293 2583 323 2640 p.
335 2559 414 2636 364,
436 2561 550 2622 Varum
563 2581 631 2620 eum
643 2561 749 2637 fuisse,
773 2581 835 2620 non
849 2561 987 2637 Varium,
999 2583 1105 2640 -quem
1121 2563 1213 2624 Acron
1222 2579 1272 2620 nu·-

175 2657 225 2708 rat
242 2647 282 2706 ad
300 2645 882 2708 CassiumPer·mensemoccidendun1a
918 2647 1054 2728 Augusto
1069 2650 1198 2709 missurn
1231 2645 1272 2702 lt·

175 2754 245 2794 rum
256 2743 286 2791 et
304 2731 381 2792 illud
403 2731 544 2793 Scholion
556 2731 682 2804 daronis
697 2742 728 2790 et
737 2729 797 2791 hoc
811 2735 907 2794 Servu
927 2743 991 2793 tam
1005 2735 1233 2795 contaminatum
1243 2735 1272 2786 ed

177 2817 449 2880 Granimaticorum
462 2819 595 2898 ineptiis,
618 2828 655 2877 ut
669 2819 724 2878 vix
736 2817 895 2896 quicquam
909 2813 981 2878 inde
994 2821 1148 2881 conficias.
1186 2821 1272 2881 [nso-

175 2905 281 2982 vianis,
305 2903 437 2983 quisquis
449 2904 525 2964 illud
540 2903 687 2984 apposuit,
709 2903 792 2981 quod
804 2905 905 2984 paullo
922 2915 992 2964 ante
1006 2905 1164 2988 adscripsi,
1182 2904 1272 2966 indae

175 2991 324 3072 expressit
338 2989 553 3050 Horatianum:
575 2989 715 3049 sordens
731 2991 766 3050 V
761 2993 826 3048 areb
830 2991 926 3068 soriis
940 3003 968 3049 ct
979 2991 1115 3051 lostam
1127 2997 1217 3052 victor.

262 3077 369 3135 Restat
389 3097 445 3158 pro
464 3075 546 3136 varo
564 3085 654 3156 poeta
674 3073 726 3154 qui
747 3077 908 3136 memorari
928 3077 1025 3157 possit
1043 3078 1133 3138 locus
1152 3075 1271 3138 ondins

175 3161 273 3221 Ponto
286 3161 335 3238 lv,
354 3166 404 3236 16,
420 3165 458 3226 81
486 3161 562 3222 &sm
587 3164 622 3223 V
618 3182 689 3220 arus
710 3161 924 3242 Gmcclzusqrw
944 3163 1051 3222 darem
1066 3165 1144 3243 sera
1156 3166 1225 3223 ds‘eto
1239 3171 1271 3236 ly·

175 3250 289 3306 ναηιιὼ.
342 3246 408 3306 Duo
437 3247 661 3327 tragoediarum
687 3256 825 3310 auctores
852 3249 1013 3308 memorari
1036 3252 1218 3310 manifestum
1235 3251 1270 3300 et

176 3331 346 3394 Gracchum
364 3331 524 3412 Tragicum
541 3333 673 3393 illustrat
686 3331 788 3394 Heins.
809 3333 849 3392 sd
865 3355 890 3394 e.
903 3333 923 3395 l.
967 3335 1045 3394 Cum
1060 3337 1145 3397 Varii
1160 3334 1272 3413 Tbyesltl

174 3429 240 3479 tam
257 3419 356 3480 nobile
377 3439 453 3499 opus
472 3420 579 3496 fuerit,
605 3419 679 3479 Vari
700 3428 802 3477 autem
819 3421 940 3480 aliunde
953 3421 1037 3479 nulla
1057 3431 1174 3502 prostat
1186 3433 1270 3480 mano·

175 3507 236 3582 ria;
267 3504 406 3584 equidem
422 3525 485 3564 non
506 3505 614 3565 dubito
632 3505 663 3563 in
680 3504 797 3564 Nasone
816 3525 937 3586 quoque
961 3509 1095 3566 Varems
1108 3507 1269 3570 sunnone:

175 3593 232 3652 etsi
243 3591 268 3651 is
280 3591 383 3674 paullo
398 3590 495 3651 maior
508 3601 585 3651 netu
596 3609 658 3650 esse
670 3590 775 3652 debuit
787 3591 812 3651 N
814 3611 904 3652 osone
916 3611 1022 3673 puero.

448 3840 482 3918 E
508 3845 543 3916 X
570 3842 602 3919 G
629 3845 666 3918 U
690 3843 729 3920 R
755 3842 782 3916 S
808 3841 846 3918 U
872 3841 899 3916 S
951 3843 1034 3918 ΙΙ*

386 3991 437 4055 De
453 3991 563 4056 Sileno
576 4013 597 4055 o
615 3991 744 4078 Satyro
756 3999 789 4056 et
803 3989 964 4078 Nymphis
975 3995 1092 4064 cincla

262 4165 323 4228 Eel.
346 4169 401 4248 vr,
422 4175 461 4238 13
493 4171 627 4232 cerame
652 4186 681 4232 a
705 4173 867 4252 Massylas
895 4175 928 4232 n
947 4186 1033 4232 aaa„
1062 4173 1191 4232 armas
1203 4159 1269 4256 pao

176 4271 279 4310 somno
292 4253 389 4314 videre
403 4259 549 4316 iacentem
560 4291 605 4306 —
613 4259 776 4338 Adgressi,
798 4281 872 4317 ream
885 4279 975 4338 saepe
988 4281 1077 4318 sacer
1091 4281 1143 4336 spe
1156 4253 1267 4314 cambe

176 4335 265 4394 ansbo
281 4339 424 4418 Luserat,
446 4347 585 4403 mennas
606 4347 682 4423 ipsis
698 4365 735 4402 ea·
748 4345 871 4402 vincula
884 4347 977 4403 senso.
1022 4343 1120 4404 Addet
1130 4365 1160 4400 se
1171 4339 1267 4399 scam

177 4421 347 4502 &iustisque
363 4433 532 4506 supervenit
544 4431 658 4510 Aegle,
680 4430 779 4510 Aegle
791 4429 954 4490 Naiadum
963 4429 1155 4511 pulcerrima.
