2784 4988
189 375 233 426 xi.
372 379 407 430 ,-
485 351 560 424 ex
593 341 1031 446 enarrartoaa
1361 343 1364 410 t

191 535 475 636 intelligerem,
504 560 600 632 nec,
628 537 660 612 si
683 535 969 634 intelligerem,
1004 533 1214 622 declarare=
1224 559 1315 637 pos

190 667 298 738 sem,
324 639 575 740 quatandem
592 647 629 716 in
644 668 686 716 re
702 638 928 742 pulcritudo
953 637 1038 738 illa,
1064 640 1251 738 dignitas,
1279 652 1317 716 et
1365 639 1367 728 ]

190 745 373 821 maiestas
401 743 602 842 virgiliani
628 743 810 820 carminis
828 741 1044 848 spectanda
1070 757 1181 822 esset.
1240 747 1316 818 Ha-

190 847 339 924 bebam
366 872 530 926 sensum
556 845 731 948 aliquem
754 845 978 946 praeclarae
995 843 1157 924 alicuius
1170 847 1317 947 pulcri·
1367 842 1368 852 ’

191 951 357 1048 tudinis,
394 949 467 1026 sed
491 949 725 1046 obscurum,
759 945 1032 1050 iudiciumque
1055 951 1203 1029 mentis
1228 975 1318 1026 con-
1368 961 1369 978 ³

192 1053 326 1132 fusum
352 1067 392 1130 et
416 1051 645 1150 turbidum,
682 1052 795 1155 quod
810 1077 885 1128 nec
906 1053 1007 1128 mihi
1024 1051 1212 1154 expedire
1227 1078 1318 1156 pos-

192 1184 302 1258 sem,
332 1157 462 1234 multo
478 1157 611 1234 minus
626 1155 727 1254 aliis,
754 1157 828 1232 nisi
850 1169 896 1231 ut
918 1157 1200 1254 exclamarem,
1233 1157 1319 1258 pul-
1370 1209 1371 1248 ;

194 1287 306 1338 crum
328 1261 465 1337 locum
488 1269 593 1340 esse!
618 1265 761 1362 Neque
786 1257 898 1336 aliter
912 1283 1000 1336 rem
1016 1285 1060 1336 se
1074 1261 1226 1337 habere
1242 1260 1318 1336 vidi

193 1368 234 1442 in
250 1365 558 1442 vernaculorum
574 1377 787 1464 poetarum
800 1363 992 1456 lectione;
1021 1364 1196 1442 intellexi
1213 1367 1317 1442 enim

194 1467 358 1546 difficile
377 1467 512 1544 multis
537 1491 640 1566 esse,
674 1467 821 1544 diserte
842 1467 932 1544 satis
957 1488 1184 1568 exponere,
1220 1493 1319 1570 quae

194 1571 359 1650 tandem
377 1572 418 1646 in
437 1573 500 1664 iis,
584 1595 630 1647 ae
649 1569 789 1672 pulcre
807 1584 848 1646 et
871 1570 1074 1674 praeclare
1098 1573 1318 1672 conscripta
1373 1627 1375 1664 ,

193 1677 455 1770 mirarentur,
481 1699 537 1774 pu
555 1673 760 1750 critudinis
783 1697 939 1752 caussae
956 1687 1105 1764 essent3
1129 1699 1319 1752 rerunme

194 1779 389 1874 inventi0,
418 1801 468 1852 an
488 1779 688 1874 tractatio,
724 1802 773 1854 an
795 1777 1034 1868 enuntiatio,
1066 1777 1195 1854 laudis
1213 1805 1318 1858 sum·
1373 1835 1376 1880 ,

194 1907 304 1958 mam
323 1881 564 1976 contineret,
592 1894 651 1978 et,
678 1881 840 1982 quando
859 1881 986 1958 oratio
1013 1893 1096 1956 tam
1116 1880 1319 1960 laudabilis
1374 1941 1377 1986 ,

196 1999 315 2081 esset,
345 2010 423 2085 qua
440 1982 607 2059 tandem
623 2008 668 2060 re
687 1983 887 2084 praeclara
910 1981 976 2087 illa
1000 1985 1189 2082 orationis
1202 1987 1319 2060 virtus

195 2087 409 2190 spectanda
434 2086 500 2163 vel
522 2085 759 2167 declaranda
777 2085 990 2165 videretur.
1047 2091 1187 2166 Potest
1213 2091 1320 2165 enim

196 2191 336 2294 aliquis
363 2191 583 2268 verborum
614 2213 752 2266 sensus
776 2203 917 2268 tenere
945 2190 1149 2292 perbene3
1191 2204 1321 2295 potest

195 2308 407 2398 poetarum
419 2293 593 2370 lectione
608 2318 693 2371 esse
706 2295 938 2392 tritissimus,
967 2295 1008 2370 in
1021 2293 1130 2370 libris
1146 2320 1320 2400 quoque,
1379 2289 1381 2372 ἶ

196 2400 264 2502 qui
278 2397 329 2474 de
344 2421 464 2474 sensu
477 2396 752 2498 pulcritudinis
766 2410 902 2496 agunt,
929 2397 1234 2495 versatissimus;
1261 2399 1320 2474 fac

196 2502 327 2580 critica
355 2526 520 2606 quoque
546 2525 668 2602 opera
698 2525 784 2577 esse
816 2501 1097 2592 exercitatum
1138 2515 1275 2582 tamen
1292 2503 1320 2577 is
1380 2505 1382 2594 j

196 2631 281 2682 non
303 2629 446 2706 parum
465 2602 573 2681 lorte
594 2603 773 2700 haereat,
807 2605 839 2680 si
864 2603 913 2680 ab
934 2628 984 2680 eo
1004 2603 1248 2705 postuletur,
1279 2617 1321 2681 ut

196 2734 334 2786 rerum
362 2734 383 2784 a
408 2721 530 2810 poeta
553 2709 820 2809 expositarum
842 2706 963 2786 claras
985 2708 1173 2788 notiones
1202 2733 1321 2810 expo-

196 2813 429 2914 sitionisque
458 2813 648 2906 virtutes,
689 2811 930 2888 tractationis
960 2808 1194 2909 artificium,
1236 2839 1321 2890 ora-

196 2918 314 2991 tionis
349 2929 556 3012 omatum,
595 2915 676 2992 aliis
701 2916 911 3018 perspicue
935 2927 975 2990 et
992 2912 1112 3015 plane
1138 2915 1320 2994 declaret.

196 3024 284 3094 Hoc
303 3017 402 3093 illud
429 3031 505 3114 est,
539 3018 651 3118 quod
697 3017 910 3118 lerumque
929 3019 971 3092 in
990 3019 1159 3094 summis
1184 3021 1321 3098 criticis

198 3119 504 3216 animadvertas,
538 3133 584 3195 ut
606 3121 647 3196 in
668 3045 896 3220 detegendo
914 3119 1050 3196 ulcere
1065 3121 1106 3196 in
1126 3123 1259 3200 verbis
1271 3123 1322 3197 la-

197 3235 308 3297 tente
330 3235 370 3297 et
390 3221 431 3296 in
452 3221 614 3298 medela
640 3222 878 3298 invenienda
903 3223 1048 3298 miram
1074 3227 1320 3322 sagacitatem

199 3322 427 3418 adhibeant,
446 3325 668 3423 argumenti
681 3338 817 3403 tamen
830 3326 1106 3402 tractationem
1119 3331 1322 3406 locorum-

199 3453 279 3532 que
294 3425 566 3504 difficiliorum
578 3429 793 3506 sententias
804 3452 947 3528 parum
962 3429 1035 3528 ipsi
1047 3447 1322 3534 assequantur;

199 3530 322 3634 quid?
349 3529 460 3634 quod
475 3529 585 3608 haud
603 3555 693 3607 raro
711 3555 765 3606 ne
778 3555 938 3607 suarum
953 3531 1120 3632 quidem
1133 3536 1322 3612 emenda-

199 3637 358 3712 tionum
391 3647 459 3714 aut
487 3635 860 3736 interpretationem
883 3635 1142 3713 commodam
1165 3637 1322 3734 afferre,

200 3750 268 3814 aut
285 3739 483 3815 rationem
499 3737 689 3816 idoneam
703 3737 876 3816 reddere
890 3753 1066 3839 possunt

302 3938 588 4019 Difficultatem
626 3941 729 4020 hanc
767 3945 871 4019 sensi
913 3941 1110 4018 obiectam
1154 3945 1322 4020 maxime

200 4057 307 4138 tum,
337 4069 430 4120 cum
457 4051 637 4144 poeticum
662 4053 861 4124 orationem
888 4055 941 4122 od
971 4053 1124 4122 solutam
1155 4075 1325 4126 revocure

199 4144 355 4224 vellem.
409 4152 502 4222 Mox
515 4162 650 4228 tamen
670 4158 706 4226 ia
725 4157 793 4226 hoc
815 4158 893 4250 ipso
908 4177 1030 4225 rerum
1043 4155 1231 4227 cordiam
1242 4177 1324 4226 eer-

198 4254 275 4324 aori
295 4248 394 4344 vidi,
432 4250 463 4324 si
488 4253 576 4354 quis
600 4253 746 4355 poetici
765 4253 962 4328 sermonis
975 4253 1055 4327 vim
1071 4265 1111 4330 et
1130 4267 1323 4344 naturam,

107 4425 114 4440 ,
202 4351 376 4452 copiam,
405 4367 591 4430 omatum
611 4357 818 4458 percipere
837 4355 949 4450 velit,
982 4368 1025 4430 ut
1047 4367 1133 4438 lum
1157 4355 1323 4432 demum
