2654 5000
95 156 147 251 “x

153 260 198 363 N

201 372 282 510 *tp
319 373 599 453 ciamus
633 375 944 454 nucomos
1018 489 1023 496 ι
1080 383 1127 456 n

291 558 438 656 niam,
461 563 619 638 Antonii
641 563 875 661 provincias,
906 561 979 638 sibi
998 565 1129 638 conci-

346 666 546 741 ‘tenetiam
577 656 739 741 retinuit
760 666 801 741 in
824 678 1018 766 potestate
1048 671 1129 741 An-

26 785 79 860 ψ
308 793 401 842 rum
423 781 465 843 et
485 767 575 844 alias
595 768 716 844 urbes
738 791 801 844 res
826 767 1129 867 fortiterge‘ssit,
1232 839 1237 856 ,

241 869 441 972 aliosque,
481 873 549 974 qui
571 872 786 948 Octaviano
805 868 998 968 faverant,
1042 895 1129 970 gra-

170 973 226 1047 ,sti
252 975 339 1052 aVll.
884 1012 906 1049 .*

118 995 349 1152 Octavianus
372 1077 534 1152 Antonii
557 1075 723 1152 ducibus
746 1089 786 1152 et
801 1071 1008 1178 praefectis
1032 1076 1128 1153 alios

31 1173 225 1270 ubstituit
266 1203 313 1253 ex
332 1179 465 1254 amicis
493 1181 572 1256 suis
596 1179 762 1277 eligens,
803 1180 872 1280 qui
902 1193 1130 1280 praeessent

30 1281 193 1380 (Appian.
209 1285 261 1377 V,
287 1285 348 1360 51.
365 1287 426 1361 55.
451 1284 528 1358 Dio
551 1286 653 1360 Cass.
674 1286 761 1374 HL,
786 1290 876 1381 20.)
926 1285 973 1358 In
995 1281 1130 1360 locum

29 1381 150 1458 Caleni
176 1383 409 1462 Cornelium
436 1384 613 1478 Gallum,
657 1387 697 1460 in
719 1384 842 1462 Gallia
865 1384 1059 1486 Cisalpina
1089 1387 1130 1460 in

29 1481 274 1563 lommAsinii
289 1487 481 1565 Pollionis
495 1485 686 1564 Alfenum
699 1485 859 1583 Varum,
877 1489 946 1590 qui
959 1501 999 1564 et
1009 1486 1131 1563 Polli-

31 1611 133 1664 onem
149 1603 303 1666 arceret
317 1592 358 1665 in
373 1593 538 1668 Venetia
554 1613 667 1692 agros
682 1591 883 1694 urbesque
897 1587 1131 1692 oppuguan-

28 1703 112 1788 trm,
150 1705 193 1769 et
218 1695 318 1791 agris
341 1693 811 1796 dividendispraeesset‚·
827 1693 962 1779 addito
987 1693 1130 1770 limita-

26 1807 99 1870 tore
112 1797 278 1872 Octauo
290 1803 413 1876 Musa.
445 1802 572 1876 Varus
592 1811 632 1873 et
643 1803 755 1874 Musa
769 1797 903 1900 inique
917 1809 1131 1874 tractarunt

24 1901 262 1990 Mantuanos3
302 1899 455 1976 addidit
484 1902 591 1976 enim
613 1905 724 1978 Musa
756 1900 985 2004 quindecim
1006 1899 1129 1976 millia

23 2025 196 2100 passuum
224 2004 304 2101 agri
321 2003 544 2099 Mantuani,
591 2029 715 2106 quum
737 2005 1017 2082 Cremonensis
1045 2027 1129 2079 non

23 2103 229 2200 officeret,
268 2103 448 2184 ollensus
470 2133 491 2182 a
511 2109 731 2183 Mantuanis
756 2107 870 2202 olim,
910 2106 1020 2210 quod
1040 2129 1130 2206 gre-

23 2231 79 2304 ges
98 2211 184 2286 eius
212 2209 260 2286 ab
283 2211 362 2308 agri
388 2209 536 2312 publici
564 2212 714 2310 pascuis
743 2212 948 2288 eiecerant.
999 2213 1046 2286 In
1069 2211 1130 2286 bis

24 2314 288 2390 metientem
326 2313 465 2388 habuit
495 2317 663 2410 Vamm‚
695 2315 783 2416 'qui
811 2315 947 2416 inique
973 2329 1132 2414 praeter

23 2415 195 2514 palustria
225 2415 326 2492 nihil
360 2416 522 2518 reliquit
557 2415 797 2514 Mantuanis,
847 2429 1060 2517 propterea
1089 2418 1129 2492 in

24 2519 191 2596 oratione
210 2519 388 2598 Cornelii
412 2518 614 2596 cuiusdam
642 2533 810 2596 notatus.
863 2517 968 2594 Talis
987 2519 1132 2618 iniqui-

23 2633 68 2695 tas
87 2647 136 2699 eo
167 2623 301 2700 minus
329 2635 487 2724 poterat
517 2623 745 2724 exspectari,
789 2645 870 2722 quo
890 2619 1020 2694 maior
1042 2645 1132 2720 spes

23 2721 145 2820 luerat,
172 2720 255 2804 iam
271 2729 472 2803 immunes
493 2723 583 2802 fore
599 2731 846 2816 Mantuanos,
873 2724 941 2825 qui
962 2724 1041 2798 iam
1062 2747 1132 2800 an·

22 2841 71 2904 tea
99 2829 253 2932 aliquid
291 2829 345 2906 de
376 2831 455 2906 suis
488 2827 766 2931 perdidissent.
827 2831 969 2928 Neque
1001 2826 1132 2927 ipsum

21 2933 217 3032 Virgilium
250 2934 454 3012 Octaviani
486 2933 681 3034 promissa
711 2935 843 3006 tutu'm
870 2931 1132 3030 praestabant,

23 3039 101 3134 quin
125 3035 282 3114 Octavii
307 3041 445 3113 Musae
471 3036 621 3138 pertica
650 3033 820 3110 limitans
849 3033 963 3109 Arrio
995 3047 1128 3110 centu-

23 3141 108 3218 noui
127 3140 218 3216 eius
233 3163 347 3238 agros
361 3141 581 3238 assignaret.
632 3137 816 3236 Virgilius
830 3160 978 3236 negans
992 3161 1034 3214 se
1048 3161 1131 3214 ces-

23 3265 162 3336 surum,
190 3243 251 3321 vix
268 3242 405 3318 militis
425 3241 602 3341 gladium
625 3241 802 3319 elabitur.
853 3240 1027 3340 (EclJX,
1056 3245 1131 3340 15.)

24 3345 97 3421 Abit
117 3351 318 3440 Romam,
357 3346 492 3448 ibique
517 3347 560 3420 in
581 3344 672 3420 villa
696 3345 847 3420 Sironis
868 3340 1022 3446 scripsit
1049 3343 1132 3421 Ecl.

23 3449 71 3528 ll
97 3450 405 3542 mauretania,
447 3461 514 3525 aut
541 3448 644 3527 Iulio
669 3449 853 3546 ineunte,
893 3471 952 3526 ao.
973 3451 1019 3526 U.
1044 3451 1132 3524 714.

24 3565 81 3630 aet
100 3562 167 3634 30.
219 3556 378 3629 Interea
406 3552 559 3629 villicus
586 3575 675 3628 rem
700 3551 877 3648 curabat,
916 3574 970 3628 vs.
995 3555 1132 3627 1-6.

24 3655 96 3732 wll
112 3655 238 3734 etiam
251 3679 324 3735 sss.
347 3661 407 3734 55.
432 3663 509 3752 57.,
562 3655 675 3731 Arrio
698 3677 858 3732 morem
880 3675 1040 3750 gerens,
1074 3650 1132 3726 uti

25 3759 193 3838 voluerat
213 3758 412 3855 dominus,
434 3758 566 3834 donec
587 3757 661 3834 sibi
684 3759 886 3834 restitutus
909 3767 1012 3832 esset
1032 3775 1132 3852 ager.

105 3862 250 3958 lunio,
292 3877 359 3940 aut
385 3861 489 3939 lulio
519 3863 683 3938 ineunte
713 3861 897 3962 scriptam
926 3881 1012 3934 esse
1031 3857 1133 3933 banc

26 3961 222 4067 Eclogam,
266 3977 352 4042 tum
383 3967 516 4067 ipsunt
540 3979 699 4064 tempus
731 3985 948 4062 rerumque
976 3959 1133 4037 illarum
1234 3960 1238 3977 '

25 4070 106 4148 ntio
129 4067 323 4164 dederat,
362 4082 531 4145 tumeo
582 4067 764 4160 robatur,
829 4063 914 4140 uod
939 4077 1058 4166 poeta
1079 4091 1132 4156 vs.

28 4177 65 4248 te
82 4197 175 4274 sqq.
205 4169 291 4251 nne
315 4171 439 4250 dubio
472 4171 523 4248 ad
553 4095 671 4248 lbdos
703 4090 952 4270 Apollinares
983 4165 1134 4262 alludit,

27 4281 59 4344 et
81 4269 201 4376 quod
228 4299 280 4354 vs
302 4284 362 4354 60.
393 4275 503 4374 longi
532 4273 616 4352 dies
645 4284 928 4349 memorantur.
978 4271 1135 4349 Inducit

27 4389 149 4454 autem
165 4399 305 4456 senem
317 4401 492 4474 vernam,
517 4377 586 4480 qui
605 4376 752 4455 herum
768 4373 975 4474 Virgilium
992 4374 1134 4467 laudat,
