2656 5008
215 360 577 438 ceonorcon
602 305 704 438 me.
725 323 781 459 u,
807 366 1024 442 ets-457
1103 364 1178 444 ιιι

34 551 165 625 Missa
180 547 315 642 Pado;
342 572 417 622 nec
432 572 518 623 non
535 561 574 623 et
589 572 681 650 apes
699 549 874 624 examina
889 549 1069 627 condunt

36 651 361 752 Corticibusque
379 653 479 726 cavis
494 652 737 753 vitiosaeque
751 651 846 726 ilicis
863 651 985 733 alveo,

35 755 154 850 Quid
179 754 496 833 memorandum
509 779 635 856 aeque
649 753 838 832 Baccheia
855 755 961 832 dona
974 755 1179 837 tulerunt?

35 857 231 934 Bacchus
248 857 351 933 etad
366 857 522 958 culpam
537 882 686 934 caussas
702 858 831 951 dedit;
848 857 913 933 ille
927 857 1094 936 furentis
1101 866 1177 942 455

34 966 276 1039 Centauros
291 962 374 1036 leto
393 961 565 1058 domuit,
592 961 879 1062 Rhoetumque
896 961 1150 1065 Pholumque

33 1071 81 1140 Et
103 1088 267 1164 magno
281 1063 476 1162 Hylaeum
489 1065 664 1166 Lapithis
680 1078 830 1140 cratere
843 1066 1072 1146 minantem.

66 1255 129 1308 452
150 1255 303 1325 exagnrr'ne
323 1251 417 1306 Medic.
437 1273 452 1305 e
472 1271 506 1304 ιιι.
521 1273 561 1324 pr.
588 1255 737 1322 (exsemine
755 1255 851 1306 Medic.
873 1253 943 1322 apud
962 1255 1072 1324 Boggia.
1093 1255 1175 1306 sedo

30 1325 213 1384 transfossa,
232 1333 260 1374 et
274 1321 381 1374 ultimae
395 1342 410 1374 e
424 1341 503 1390 supra
516 1321 620 1376 adiecta
634 1343 659 1376 o.
694 1326 846 1378 Exocminu
865 1323 935 1374 idem
948 1325 1043 1382 Medic.
1058 1325 1113 1376 Ecl.
1124 1325 1174 1386 IX,

29 1395 72 1446 30.
93 1395 151 1444 Ge.
175 1395 235 1454 lv,
261 1393 334 1454 103.;
352 1392 492 1462 utrobique
511 1412 526 1444 c
544 1393 677 1444 transfixa.
711 1393 909 1465 Exogminain
927 1394 1109 1456 eod.Ge.1V‚
1130 1397 1174 1448 21.

35 1464 109 1529 us.)
206 1459 260 1515 sss
279 1463 345 1514 arvo
364 1463 397 1512 n
421 1461 515 1513 neue.
536 1473 563 1514 ι
582 1461 639 1514 ιιι
662 1463 793 1514 sartan.
818 1463 871 1514 vn.
888 1465 973 1514 surm.
990 1441 1080 1532 taceo
1103 1462 1174 1528 iibri,

30 1543 147 1598 praeter
166 1533 333 1595 Romanum,
350 1531 384 1582 ed
399 1548 474 1582 unsina
490 1549 592 1594 omnes,
617 1531 761 1613 alvuspro
784 1531 880 1586 alueus
902 1531 954 1582 dici
976 1533 1054 1583 etiarn
1077 1532 1174 1584 Lesice

30 1603 150 1663 docent,
172 1600 269 1668 itaque
281 1601 346 1652 alvo
360 1599 539 1668 recipiendum
554 1601 638 1652 rideri
651 1612 750 1684 possm
769 1611 797 1653 at
808 1601 860 1652 vid.
873 1604 904 1664 Q.
917 1604 950 1653 V.
966 1602 1040 1664 XVI,
1054 1600 1080 1655 4.
1101 1601 1172 1668 Wr.)

29 1669 83 1725 454
103 1683 135 1721 et
153 1673 277 1739 quoeB.
292 1670 326 1720 ab
341 1669 399 1720 eliis
412 1669 481 1737 legi,
497 1669 525 1720 in
541 1669 671 1724 Serviano
685 1680 799 1724 notetur.
831 1671 932 1738 (tulere
944 1670 1003 1735 hic,
1026 1687 1080 1722 non
1098 1671 1173 1721 tule-

30 1753 117 1802 runt,
138 1739 317 1790 scribendum
330 1736 422 1802 videri,
440 1740 610 1807 pronunciavi
629 1743 661 1804 Q.
676 1741 708 1792 V.
726 1743 759 1794 V.
781 1741 853 1806 Wr.)
922 1736 975 1794 455
993 1757 1088 1811 cupam
1103 1739 1173 1807 epod

30 1810 123 1862 tutat.
139 1809 181 1860 ed
198 1813 267 1860 stat.
284 1825 335 1858 uno
356 1808 432 1873 loco,
456 1817 486 1860 at
500 1808 585 1862 altero
601 1811 717 1882 culpam.
749 1811 921 1862 v.Burmenn.
940 1809 1036 1928 culpes
1051 1809 1171 1862 Parrhss.

29 1879 115 1928 Goth.
128 1897 176 1948 pr.
194 1895 262 1928 unus
274 1877 361 1930 Mead.
429 1877 482 1932 456
498 1879 634 1930 Rhoetum
648 1877 727 1930 scribi
746 1895 778 1930 er
798 1877 953 1930 membranis
969 1897 985 1946 p
999 1879 1101 1948 erisque
1119 1895 1172 1929 no-

30 1947 97 1997 tarit
115 1945 263 1998 Heinsius.
296 1947 436 1999 Rhoecum
458 1966 488 2000 ex
504 1947 662 2000 Callimacho
683 1947 896 2016 (tentanum)
916 1963 1045 2016 reponere
1065 1947 1172 1998 role'bat

30 2017 148 2068 Pierius.
191 2017 335 2068 Rhoecum
354 2015 466 2084 gigantis
489 2033 585 2068 nomen
608 2035 680 2082 esse,
707 2019 843 2070 Rhoetum
864 2017 999 2080 Centauri,
1023 2025 1172 2072 statuerunt

29 2086 89 2141 slii;
117 2085 225 2138 melius
243 2085 354 2149 dixeris,
377 2085 483 2138 nomina
497 2096 541 2138 ent
561 2087 625 2155 poni
639 2085 784 2154 promiscue
800 2095 844 2137 aut
866 2087 998 2141 oonlhndi.
1033 2089 1063 2138 in
1081 2086 1172 2138 latinis
1198 2125 1203 2138 .

28 2155 108 2206 libris
126 2156 277 2206 Rhoetum
290 2163 439 2208 constanter
457 2155 551 2218 scribi,
577 2155 685 2224 copiose
699 2156 789 2208 docuit
799 2155 908 2208 Bentlei.
926 2156 961 2208 ad
975 2157 1068 2208 Horat.
1086 2157 1169 2210 eon

28 2227 58 2285 11,
80 2227 129 2286 19,
148 2225 202 2278 23.
220 2223 289 2274 adde
305 2225 392 2304 intpp.
411 2225 445 2276 ed
460 2225 555 2296 llygin.
569 2225 625 2294 p.6
645 2230 715 2280 star.
752 2230 921 2289 Centaurus,
940 2243 1034 2298 graeca
1047 2225 1169 2292 flexione,

28 2311 57 2344 ex
72 2293 194 2364 aliquot
207 2302 273 2344 vett.
285 2303 389 2346 notant
401 2293 509 2345 Pierius.
579 2293 631 2349 457
645 2313 746 2368 magno
766 2295 808 2347 ed.
821 2297 887 2346 lunt.
904 2296 1033 2362 Hyleum,
1051 2297 1169 2360 Hileum,

28 2365 138 2428 ileum,
176 2363 290 2426 Usum,
314 2367 413 2426 Deum,
435 2363 572 2428 scribitur,
598 2383 622 2415 r.
641 2365 762 2431 Propert.
788 2365 816 2428 l,
841 2366 871 2429 l,
897 2365 938 2418 13·
973 2367 1101 2417 Graecum
1128 2374 1169 2418 est

25 2428 158 2495 ‘Ti-otios.
201 2434 332 2484 nunocem
344 2431 447 2500 Meneg.
460 2452 493 2503 pr
500 2471 517 2498 .,
541 2434 590 2486 sed
601 2433 652 2486 vid.
667 2435 753 2486 Burm.

29 2580 93 2640 136
124 2577 222 2634 time
237 2575 323 2631 ohros
338 2577 476 2651 primiore
490 2575 590 2652 fluvii
628 2593 698 2634 rum
727 2573 847 2636 cultum
872 2573 967 2632 multa
988 2571 1063 2630 adeo
1090 2573 1168 2632 mala

27 2681 149 2718 seneen
165 2671 307 2718 cavatos.
350 2659 396 2718 Ex
413 2660 524 2720 Lucan.
535 2660 587 2736 IV,
629 2659 722 2718 allert.
756 2657 831 2734 Hoc,
852 2667 886 2717 nt
901 2667 1021 2738 postem
1036 2657 1169 2734 decebat,
1213 2701 1216 2708 ·

30 2751 104 2808 181.
137 2745 208 2808 184
229 2745 363 2823 colliges,
392 2745 485 2804 latera
499 2745 587 2804 coriis
629 2745 793 2823 agenoreli
811 2763 845 2802 ac
858 2743 942 2802 nuda
962 2743 1167 2802 enuntiatione

26 2831 124 2890 baisse
146 2837 246 2889 tecta.
274 2841 383 2888 tenens
402 2832 524 2911 proprie
547 2830 586 2890 ed
628 2829 668 2888 ad
685 2830 757 2889 fecti
782 2830 952 2908 exemplum
973 2827 1105 2888 deducit.
1127 2829 1171 2888 od

25 2917 104 2976 Padi
134 2925 297 2978 naturam.
347 2919 452 2974 Μὶιεα
487 2917 585 2991 Pado,
627 2917 768 2994 culpam,
791 2914 823 2976 h.
842 2913 881 2973 ed
903 2916 1035 2990 furores,
1066 2911 1104 2972 ad
1120 2915 1168 2972 se-

24 3004 171 3062 imrnissa
185 3000 220 3060 in
233 3021 350 3062 emnem
369 3001 406 3060 de
421 3002 586 3064 navalibus.
629 3001 730 3060 oinore
756 3009 788 3059 et
808 2999 933 3060 cnmhra
954 2999 1169 3062 committenda

24 3087 305 3161 assummum,
326 3097 364 3148 ut
377 3087 463 3146 snus
477 3088 519 3146 ibi
531 3109 587 3148 na·
627 3087 762 3146 incendit
781 3083 934 3162 homines,
958 3097 995 3146 ut
1012 3087 1073 3146 iam
1092 3087 1167 3146 bene

24 3184 73 3234 tae
102 3173 340 3236 transferentur
372 3173 411 3232 ad
438 3173 509 3232 alies
536 3193 586 3232 re·
627 3172 790 3234 Burmann.
812 3171 959 3252 exposuit.
1002 3169 1075 3238 456.
1091 3174 1167 3254 Spe-

23 3263 163 3342 giones,
196 3265 233 3318 ut
264 3259 357 3317 ludio
383 3261 473 3316 mittit
497 3257 583 3334 ebur,
627 3267 713 3316 stent
728 3258 767 3316 ad
781 3259 1002 3318 Centaurorum
1015 3257 1086 3318 vino
1100 3259 1167 3322 ine-

24 3343 279 3425 Georg.1,57,
308 3343 390 3422 quod
418 3343 586 3403 aliennme
626 3343 795 3406 briatorum
820 3345 936 3404 furores
967 3353 998 3403 et
1036 3365 1166 3426 pugnam

23 3433 109 3491 loco.
159 3429 344 3509 Expressum
358 3449 586 3489 esseversnme
627 3449 697 3488 casm
711 3426 845 3508 Lapithis
860 3429 893 3490 in
908 3428 1025 3510 nuptiis
1039 3429 1165 3490 Pirithoi

25 3517 210 3577 Claudiano
225 3515 351 3589 XXXV,
368 3517 429 3578 178
443 3518 584 3573 mt'ssam-
628 3535 696 3574 cnm
730 3515 939 3596 llippodamis.
976 3513 1044 3574 Vid.
1073 3513 1163 3576 Ovid.

24 3626 88 3682 qne
112 3601 210 3660 Pado
238 3603 292 3680 qui
310 3603 439 3679 remigat
459 3601 581 3676 omnen,
624 3599 745 3662 Metam
773 3601 844 3678 XII,
859 3606 922 3666 210
943 3617 1008 3678 sqq.
1050 3597 1165 3661 Bsbuit

24 3689 93 3748 iam
110 3686 169 3746 alii
189 3695 345 3744 notarunt.
390 3685 462 3750 453.
486 3685 583 3746 Coru-
625 3696 728 3747 noster
766 3696 833 3747 ante
861 3687 963 3745 cordos
993 3681 1099 3762 Odyss.
1122 3711 1163 3765 φ,

24 3774 120 3834 cibus
140 3773 245 3846 caves,
267 3771 350 3830 intra
370 3771 529 3848 corticem,
552 3781 583 3832 et
625 3772 688 3837 295
703 3791 766 3851 sqq.
817 3773 893 3830 Cum
912 3791 959 3850 ep.
985 3767 1073 3829 Ovid.
1101 3772 1121 3832 l.
1143 3772 1163 3832 l.

24 3861 112 3918 adeo
148 3857 236 3916 intre
263 3865 388 3916 huncne
416 3876 505 3916 cavos
532 3878 584 3917 er-
625 3857 798 3916 Rhoetuset
811 3857 925 3914 Pholus
938 3875 1000 3914 non
1009 3855 1097 3914 occisi
1111 3855 1164 3916 sed

25 3947 160 4004 borum.
624 3942 718 4020 fugati
745 3949 962 4014 memorentur,
998 3938 1162 4020 Martinus,

73 4027 158 4094 454.
181 4023 254 4091 455.
275 4027 425 4086 sationem
441 4027 585 4088 silvarum
626 4027 719 4087 eham
746 4027 869 4086 doctum
897 4025 1077 4084 Britannum
1114 4048 1163 4088 se-

26 4115 169 4175 snedere
195 4119 314 4191 poetam
343 4113 511 4172 memineris
546 4133 585 4172 ex
626 4122 760 4192 quotus,
795 4111 911 4190 copiose
936 4107 1069 4170 adstruit
1081 4156 1090 4187 ,
1102 4114 1163 4192 fu·

27 4222 61 4258 v.
77 4201 160 4264 433.
206 4197 266 4256 Tot
279 4198 428 4276 tantisque
441 4198 582 4258 utilitati·
623 4211 716 4258 nentes
735 4199 792 4256 leto
804 4193 988 4276 iungendum
1000 4215 1077 4276 esse,
1100 4217 1161 4260 non

27 4287 94 4344 bus
116 4283 250 4344 multum
272 4282 384 4343 cedunt
401 4285 517 4344 frustm
531 4283 582 4344 vi·
623 4284 738 4342 donuu't
760 4284 827 4341 leto.
880 4280 922 4340 At
955 4282 1033 4341 enim
1055 4281 1161 4362 furere

30 4391 170 4430 neamm
193 4385 270 4446 qnae
294 4376 395 4426 tamen
419 4377 483 4428 tam
508 4369 582 4428 essi·
623 4369 713 4428 ooeds
733 4367 818 4428 facile
840 4366 969 4444 dixeris,
996 4387 1160 4446 numquam

31 4457 136 4516 dnum
150 4473 273 4536 operam
284 4453 422 4532 exigrmt5
443 4453 516 4532 quin
530 4473 581 4512 ee·
613 4454 719 4532 furere
748 4465 862 4529 morte,
901 4453 966 4512 leto.
1015 4454 1074 4516 Sed
1096 4463 1159 4516 un
