2710 4998
183 455 208 528 a
380 447 456 523 nn
491 445 763 524 carnrnr
789 418 1137 522 eoeomco¹

182 635 346 736 scriptae
371 630 622 731 exhibentur,
657 643 737 708 aut
763 617 918 707 actione
939 630 1067 733 aliqua
1089 644 1129 708 et
1155 631 1214 708 ad
1231 631 1323 708 dra-
1350 657 1351 678 ³

181 739 295 814 matis
316 735 506 834 fonnem,
546 761 621 838 per
650 733 870 833 dialogum,
905 733 1003 810 dum
1032 734 1351 837 colloquentes

183 843 287 918 inter
308 863 354 916 se
372 853 509 918 sensus
530 861 641 932 suos,
667 837 890 935 fortunam,
917 836 1017 913 facta
1039 853 1265 938 exponunt
1281 865 1322 914 ac

184 944 397 1038 declarantz
423 944 557 1046 priore
573 939 741 1044 quidem
749 940 840 1038 illo,
868 941 979 1044 quod
993 941 1054 1016 vix
1069 941 1137 1017 diu
1154 943 1324 1043 placere.

182 1061 331 1149 potest,
366 1060 405 1122 et
428 1049 559 1148 ipsum
580 1045 777 1146 peculiare
809 1045 991 1120 carminis
1020 1067 1171 1142 genus,
1212 1045 1323 1122 haud

183 1165 317 1226 tamen
344 1150 551 1250 copiosum
571 1173 615 1224 ac
636 1146 876 1242 fecundum,
911 1146 1111 1244 efficeret,
1149 1151 1321 1245 omisso,
1351 1175 1352 1244 }

184 1254 350 1331 alterum
371 1254 551 1354 arripuit,
579 1265 619 1328 et
638 1249 886 1352 pastoritium
908 1273 1068 1328 cannen
1089 1252 1142 1326 ita
1176 1253 1323 1330 condi·
1347 1261 1352 1268 “

183 1357 241 1432 dit
261 1371 300 1432 et
315 1355 530 1456 descripsit,
550 1367 603 1430 ut
624 1355 875 1430 actionem
897 1354 1111 1457 aliquam
1135 1379 1201 1430 ex
1230 1358 1321 1432 ista
1349 1432 1352 1456 -,

182 1464 309 1536 vitae
342 1457 662 1560 simplicitate
697 1471 744 1534 et
776 1454 1039 1554 felicitate,
1081 1481 1177 1534 seu
1215 1485 1319 1536 rem
1351 1459 1352 1472 '

183 1577 386 1662 gestam,
420 1575 499 1636 aut
533 1585 654 1662 quae
684 1557 981 1658 ‘contingere
1017 1562 1064 1640 in
1091 1561 1195 1647 ista
1225 1565 1320 1640 vita
1351 1572 1353 1658 j

183 1679 370 1766 posset,
397 1687 552 1740 sacrum
569 1663 730 1766 adquod
744 1661 960 1761 festumve,
986 1661 1092 1743 fone
1109 1667 1246 1742 etiam
1263 1693 1321 1740 ca·
1352 1679 1353 1768 J

183 1793 272 1844 sum
292 1766 616 1863 memorabilem,
648 1781 695 1842 ut
722 1769 827 1842 inter
854 1766 950 1842 tales
979 1766 1201 1866 homines,
1246 1783 1319 1845 aut

185 1873 328 1948 etiam
356 1870 544 1946 cultum
571 1882 618 1946 et
645 1869 869 1947 colorem
902 1873 1010 1946 eius
1043 1872 1212 1970 vitae,
1253 1867 1348 1948 sed

183 1973 316 2050 facto
355 1973 402 2049 ali
433 1997 487 2049 uo
510 1997 757 2074 expressum,
819 1995 874 2049 uo
905 1975 1072 2050 istorum
1093 1973 1320 2052 hominum

183 2077 330 2174 studia,
357 2103 383 2152 o
434 2077 508 2174 cia,
533 2077 725 2174 rationes,
752 2101 773 2151 a
810 2078 985 2154 ectiones
1002 2077 1320 2170 decimarentur,
1349 2167 1352 2174 Ι

183 2205 257 2282 per
272 2203 478 2258 sermones
498 2181 666 2256 istorum
689 2179 904 2256 hominum
928 2181 1032 2256 inter
1047 2203 1090 2256 se
1115 2182 1321 2276 confabu-
1353 2274 1354 2280 Ν

182 2285 349 2360 lantiunt
380 2285 446 2359 ita
473 2283 695 2380 exhiberet,
727 2297 779 2360 ut
805 2281 957 2360 animi
989 2283 1321 2363 audientium

183 2387 396 2465 iucunda
442 2411 606 2464 rerum
648 2388 862 2488 imagine
904 2400 951 2464 et
984 2388 1116 2464 vitae
1158 2390 1322 2466 istius

182 2503 317 2590 grata
344 2492 514 2668 specie
541 2489 642 2566 frui
668 2489 1017 2589 viderentur*).
1060 2491 1160 2592 Capi
1181 2507 1321 2570 autem

185 2609 225 2672 et
255 2595 377 2670 domu
394 2595 473 2670 ceri
494 2595 575 2672 istis
599 2593 867 2685 delinimentis
886 2595 1006 2670 animi
1030 2619 1115 2670 non
1128 2611 1320 2694 possunt,

183 2699 257 2774 nini
283 2699 330 2779 ab
352 2698 527 2798 urbanae
550 2699 651 2772 vitae
682 2699 785 2774 curis
809 2721 866 2774 ac·
880 2698 1070 2775 molestiis
1095 2703 1258 2776 avocati
1283 2703 1319 2776 in

184 2803 282 2900 agris
312 2801 495 2903 silvisque
528 2801 634 2876 inter
655 2823 793 2900 greges
824 2813 864 2878 et
888 2814 1064 2877 armenta
1091 2814 1133 2877 et
1153 2806 1322 2902 pecon's

182 2906 388 3003 ntagistros
403 2907 554 2981 versari
562 2904 823 3002 videbuntur,
840 2918 958 3008 atque
978 2903 1027 2980 id
1048 2907 1322 2983 curabitur

184 3021 365 3106 apoeta,
400 3019 454 3085 ut
488 3031 548 3083 ne
582 3007 704 3108 quid
729 3009 906 3084 subeat
940 3009 1146 3106 animos,
1179 3010 1320 3110 quod

183 3109 489 3207 molestiam,
520 3112 839 3209 tenuitatem,
880 3135 931 3187 ac
964 3109 1137 3186 sordes
1165 3113 1321 3188 istius

183 3212 311 3287 vitae
335 3214 384 3287 in
407 3214 698 3290 memoriam
723 3227 940 3313 revocet,
965 3213 1148 3316 adeoque
1164 3219 1321 3294 suavis

183 3315 323 3390 simam
355 3313 461 3391 illam
492 3313 704 3394 oculorum
732 3315 1031 3394 fascinationem
1053 3317 1204 3415 solvat3
1245 3345 1320 3421 qua

184 3419 265 3520 ipsa
289 3417 340 3496 de
363 3441 494 3496 caussa
518 3418 669 3498 factum
696 3433 772 3519 est,
796 3434 842 3497 ut
869 3422 1136 3522 pastoritia
1162 3426 1319 3523 potius,

182 3547 304 3625 quam
334 3525 501 3602 omnino
524 3525 668 3601 rustica
688 3525 784 3620 vita,
818 3537 884 3600 aut
907 3539 1107 3600 aratorum
1135 3537 1179 3600 et
1217 3551 1321 3628 opus

183 3630 373 3706 rusticum
392 3624 623 3704 facientium
637 3627 813 3704 conditio
838 3628 880 3701 in
902 3627 982 3704 hoc
1002 3628 1179 3704 carmine
1207 3629 1320 3708 exhi-

182 3727 365 3829 beretur,
387 3755 478 3807 cum
498 3731 597 3807 haec
620 3732 786 3834 quidem
801 3730 937 3832 paullo
957 3730 1045 3832 plus
1072 3727 1320 3822 offensionis

154 3830 366 3930 ‚haberet
399 3859 475 3910 nec
503 3831 617 3910 facile
652 3856 697 3912 ea
723 3835 908 3913 laborum
931 3834 1082 3930 taedio,
1118 3847 1159 3910 et
1196 3836 1318 3910 attriti

183 3938 361 4038 corporis
391 3935 672 4036 defatigatione
710 3937 958 4040 omninoque
987 3938 1191 4014 aerunmis
1225 3941 1318 4029 suis,

183 4048 326 4137 poetae
339 4053 422 4118 arte
444 4053 484 4118 et
494 4042 662 4140 ,ingenio
684 4041 843 4120 liberari
865 4053 1010 4142 posset.
1064 4040 1147 4119 Sed
1167 4041 1276 4120 haec
1299 4069 1318 4116 a

215 4220 242 4293 'l
256 4225 399 4296 Appellare
416 4227 480 4283 licet
495 4233 562 4293 hunc
584 4245 724 4299 argumen-
767 4229 914 4283 bucolicum
931 4245 982 4298 pro
1002 4229 1130 4282 dramatis
1149 4247 1251 4299 genere
1267 4231 1315 4284 lta·

182 4307 236 4348 tum
251 4295 358 4366 aliquod
374 4302 504 4355 tractandi
514 4301 641 4355 rationem
655 4300 726 4351 dra·
767 4300 834 4364 beri,
852 4310 897 4351 aut
908 4299 969 4350 iudo
983 4300 1089 4351 ductum
1106 4319 1174 4364 ecoe,
1194 4311 1242 4353 tut
1258 4317 1316 4352 cum

182 4369 314 4428 ramirans,
323 4365 444 4434 quoniam
456 4371 525 4423 eliud
537 4386 640 4434 nomen,
653 4369 726 4437 qnod
767 4369 845 4422 mimo
858 4368 1021 4437 Sophronis,
1039 4369 1123 4421 multo
1143 4369 1232 4422 mium
1258 4387 1316 4422 cum

181 4436 263 4504 magis
286 4439 506 4492 aocomnodatcm
529 4440 579 4504 cit,
600 4453 654 4490 nou
674 4437 725 4489 ha·
768 4439 852 4491 rmmis
868 4440 1057 4504 Romanorum,
1082 4439 1233 4510 comparari
1248 4449 1316 4509 pot·

183 4509 286 4570 bernam
320 4522 368 4557 nec
391 4517 477 4560 tantm
504 4509 546 4560 rel
565 4509 602 4562 sic
622 4523 725 4559 eumen
769 4519 818 4560 est.
