2730 5016
222 337 1035 434 caono1coun1umees-esa
1112 337 1187 418 549

51 531 102 602 ln
124 530 283 602 Borean
300 528 567 624 Caurumque,
595 537 660 603 aut
674 523 784 598 unde
796 525 1033 621 nigerrimus
1045 531 1188 602 Auster

49 631 262 724 Nascitur,
290 642 330 704 et
344 627 481 728 pluvio
497 628 699 702 contristat
713 624 861 735 frigore
878 628 1046 708 coelum.

48 735 132 808 Hic
162 732 349 828 demum,
383 729 649 831 hippomanes
675 756 771 806 vero
797 731 908 832 quod
929 734 1096 810 nomine
1126 731 1186 808 di-

647 847 742 909 cunt
1109 845 1185 916 280
1354 919 1355 930 χ

48 915 263 1035 Pastores,
290 935 445 1012 lentum
461 933 628 1015 destillat
644 937 691 1014 ab
711 939 871 1036 inguine
882 938 1006 1029 virus;

47 1044 353 1144 Hippomanes,
368 1039 494 1142 ,quod
505 1064 624 1142 saepe
638 1041 767 1120 malae
783 1040 917 1139 legere
930 1064 1139 1134 novercae,

81 1233 126 1286 27
127 1233 145 1284 8
166 1233 202 1281 In
214 1234 330 1282 Boreum
343 1240 404 1281 ante
418 1229 508 1282 noina.
522 1229 593 1297 vulg.
624 1231 812 1300 cinerumque
825 1231 918 1283 scribit
933 1234 1072 1295 Romanus,
1089 1229 1185 1281 Medic.

46 1319 110 1352 cum
132 1299 264 1372 plurimis.
295 1300 378 1424 §apud
396 1299 506 1366 Foggiu.
530 1301 712 1370 virorumque,
742 1300 790 1351 aed
812 1321 830 1352 u
852 1319 931 1371 supra
947 1302 1059 1370 scripta3
1084 1299 1186 1351 Chauri

45 1370 221 1422 etiaminfra
236 1387 274 1420 vs.
314 1369 355 1423 56.
376 1368 404 1419 in
419 1368 515 1420 Medic.
543 1367 646 1421 Servius
661 1370 687 1421 h.
707 1371 740 1421 l.:
760 1373 900 1433 „Caurum
916 1387 965 1439 pro
982 1375 1094 1434 Corum,
1118 1367 1185 1419 sicut

45 1459 161 1491 saurex
177 1455 227 1508 pro
244 1455 338 1501 sorex,
356 1438 445 1490 caulis
460 1455 508 1507 pro
522 1438 620 1488 colis.“
643 1441 714 1506 Wr.)
750 1441 981 1510 CorumqueToll.
1018 1440 1185 1518 odorumque

44 1509 102 1560 duo
122 1527 184 1560 cum
200 1509 318 1574 Longob.
335 1507 423 1558 Pierii.
492 1508 544 1560 279
558 1507 656 1578 pluvio
668 1527 691 1560 ο.
705 1510 794 1560 sidere
805 1511 934 1561 Romanus
950 1509 1047 1572 Pierii,
1064 1525 1117 1558 uon
1132 1523 1183 1557 rm-

44 1577 236 1647 probantibus
250 1577 339 1628 Heius.
357 1579 481 1627 etBurm.
517 1577 556 1626 Ab
573 1575 624 1628 hoc
637 1587 724 1630 tamen
737 1579 797 1629 loco
813 1579 925 1632 alienum
937 1579 1056 1642 videtur,
1080 1594 1137 1628 cum
1150 1576 1184 1627 de

43 1647 138 1698 austri
155 1647 250 1698 effectu
263 1665 293 1698 ae
305 1647 331 1698 vi
346 1657 455 1713 agatur,
471 1646 494 1696 is
508 1645 647 1697 contristat
655 1647 780 1719 frigore,
797 1649 899 1711 hieme,
916 1649 1027 1718 pluvia3
1049 1663 1102 1696 nou
1112 1663 1183 1710 vero,

44 1718 154 1768 sidere.
191 1716 243 1767 Sed
260 1725 301 1766 est
318 1715 443 1766 sollennia
459 1733 489 1766 ee
502 1718 676 1783 permutatio,
701 1717 770 1768 conl.
791 1718 824 1768 ad
846 1717 920 1768 ovid.
942 1719 1054 1778 Metti,
1073 1717 1138 1776 2813
1156 1727 1185 1766 et

42 1787 134 1837 sidus
150 1785 280 1856 pluuium
299 1785 438 1852 vulgarius.
473 1786 503 1834 lu
516 1783 628 1854 frigore
648 1786 815 1838 consentiunt
833 1805 921 1838 omnes
939 1787 1001 1837 libri
1024 1784 1183 1836 Columellas

43 1855 61 1905 l.
79 1855 101 1906 l.
139 1855 243 1926 pluvio
258 1856 419 1926 -pulvere
440 1853 521 1904 Goth.
541 1871 595 1920 pn,
622 1873 767 1924 perperam.
811 1859 976 1927 constringit
994 1858 1062 1906 Veu.
1131 1855 1184 1908 280

43 1927 102 1976 Hic
126 1923 221 1974 Heius.
247 1923 440 1974 emelioribus.
475 1927 557 1984 Antea
579 1925 658 1976 Hinc.
690 1927 759 1995 (quo
780 1942 829 1994 pro
850 1925 924 1996 quod
943 1925 1002 1977 tld.
1024 1933 1086 1976 tert.
1110 1925 1182 1988 Wr.)

41 1996 97 2048 281
124 1992 254 2043 destillat
274 2009 363 2044 omnes
383 1993 499 2044 scribunt
518 1991 654 2057 meliores,
683 2007 708 2046 et
727 2007 798 2046 recte
813 1995 851 2046 ita
872 1994 962 2048 Heius.
997 1994 1116 2046 distillat
1129 1992 1181 2045 elii.

42 2063 160 2131 (eadem
174 2061 288 2113 varietas
303 2080 345 2131 ap.
357 2063 453 2114 Lucan.
467 2063 536 2126 Vlll,
553 2063 614 2117 777.
633 2064 678 2116 ubi
690 2064 742 2116 vid.
758 2065 830 2117 Cort.
855 2065 927 2134 Wr.)

39 2218 145 2300 Apud
163 2217 293 2276 eundem
307 2236 347 2276 ex
359 2219 455 2278 Borea
473 2221 603 2299 suscepti
643 2221 679 2282 N.
694 2221 730 2282 A.
744 2221 780 2298 ΙΙ,
794 2225 846 2286 22.
865 2219 949 2303 Wr.)
964 2255 1007 2266 -
1027 2223 1099 2284 279.
1105 2221 1182 2298 plte-

39 2305 122 2385 equi
147 2303 287 2378 Iliade,
310 2307 373 2368 222
385 2325 448 2384 sqq.
491 2309 602 2369 277-
643 2311 727 2366 vium
739 2308 867 2385 frigiae,
902 2306 985 2384 quod
1005 2318 1107 2364 austro
1124 2304 1182 2364 tri·

38 2395 126 2457 279.
151 2411 214 2447 non
234 2391 314 2447 Eure
334 2390 544 2449 tuor-Cum
558 2390 601 2448 ita
642 2393 764 2466 buitur,
792 2392 940 2450 molestias
967 2399 1050 2449 creat
1072 2391 1181 2470 intpp,
1247 2387 1250 2400 ’

39 2483 282 2555 conceperunt,
311 2475 358 2532 uti
384 2474 524 2550 dixerat,
560 2475 600 2534 ad
641 2477 776 2556 inprimis
788 2477 927 2536 Martino.
950 2475 1110 2533 Enimvero
1124 2495 1182 2532 no-

39 2560 232 2642 Zephyrum
251 2579 370 2635 versae,
393 2559 552 2639 diffugiunt
565 2581 600 2618 ec
642 2572 707 2621 tum
729 2563 800 2620 satis
822 2569 882 2634 est,
909 2561 1026 2639 poetico
1046 2578 1182 2618 sermone

38 2649 242 2720 discurmnt,
268 2665 329 2704 non
346 2645 386 2704 ad
408 2656 525 2721 ortum,
547 2645 602 2704 sed
641 2647 771 2706 hiemem
791 2655 821 2704 et
833 2646 942 2724 frigus
958 2644 1130 2723 simpliciter
1144 2643 1182 2702 de

36 2737 73 2794 iu
102 2734 239 2792 Boream
270 2731 459 2810 Crurumque
487 2740 517 2788 et
534 2730 600 2790 Au·
641 2732 745 2814 pluvio
764 2741 897 2810 tempore
919 2729 986 2788 dici.
1029 2730 1133 2806 ltaque
1151 2739 1182 2789 et

36 2831 152 2880 strum
169 2861 179 2892 ,
209 2816 240 2876 lr.
255 2835 279 2875 e.
306 2817 549 2896 septemtrionem
569 2825 600 2874 et
632 2819 773 2898 frigidus
792 2828 893 2874 creater
911 2816 963 2874 Ge.
978 2815 1026 2890 IV,
1041 2819 1114 2889 261,
1130 2816 1181 2892 qui

35 2903 210 2964 meridiem
241 2921 355 2962 versus.
406 2903 600 2962 illustrantur
641 2905 783 2963 humidus
819 2913 920 2960 artarer
951 2902 1002 2960 Ge.
1034 2901 1076 2976 11,
1108 2899 1181 2964 462.

34 2991 127 3050 haec
147 2987 318 3048 Aristotelis
338 2987 358 3048 l.
378 2988 398 3047 l.
417 2988 517 3048 verbis
539 2989 599 3048 iam
641 2991 773 3050 Ductum
790 2997 891 3048 autem
910 3005 948 3046 ex
961 2987 1106 3060 Homero,
1129 2986 1181 3064 qui

35 3077 81 3136 ab
101 3074 173 3134 aliis
186 3072 331 3134 laudatis:
353 3073 463 3136 θέοοοι
476 3071 509 3136 δὲ
529 3070 599 3138 οὔτε
641 3096 729 3135 suum
752 3074 866 3133 caetum
885 3073 1069 3154 respiciebat.
1103 3071 1181 3132 Hinc
1243 3115 1245 3123 ·

33 3159 130 3240 πρδς
147 3158 204 3234 ἕω,
227 3155 297 3220 οὔτε
311 3153 386 3238 πρὸς
401 3155 525 3238 derude,
548 3153 599 3222 it·
643 3170 673 3220 et
685 3161 827 3240 Hippocr.
840 3159 868 3218 11
883 3158 921 3218 de
933 3159 1031 3222 diaeta
1045 3179 1069 3218 c.
1084 3151 1114 3234 5,
1128 3162 1179 3222 t.6

34 3245 82 3310 tat
109 3240 190 3325 πρὸς
209 3239 322 3325 ἄρκτον
341 3237 364 3323 ἢ
382 3237 493 3308 νότον·
517 3241 600 3326 (qui-
642 3241 762 3329 ἀνάγκη
779 3243 812 3308 δὲ
831 3241 886 3308 τόν
907 3240 1000 3309 νότον
1020 3239 1136 3327 θερμόν
1149 3265 1180 3306 τε

32 3333 105 3392 bue
129 3329 278 3390 simillima
296 3339 369 3388 eunt
384 3330 417 3389 in
432 3328 545 3390 Aelian.
560 3330 599 3390 H.
643 3327 792 3397 εἶναικαὶ
812 3325 926 3412 alypii,
961 3326 1034 3395 tuoe
1056 3326 1098 3410 μή
1117 3333 1180 3391 τοῖν

32 3419 79 3480 Δ.
97 3417 151 3491 IV,
163 3419 194 3490 6,
210 3416 266 3474 etsi
279 3435 340 3474 nou
354 3435 503 3493 assequor,
526 3415 599 3494 quid
641 3419 759 3500 χωρίων
782 3417 816 3480 αἱ
842 3415 946 3491 θέσεις
971 3416 1066 3478 olrici
1094 3415 1179 3478 εἰσιν.
1271 3495 1273 3502 Ι

33 3501 215 3564 suavitatis
253 3500 387 3581 poeticae
424 3499 535 3561 hebeat
567 3501 599 3561 in
641 3505 718 3564 coni.
734 3524 759 3562 ο.
776 3508 805 3578 6,
820 3510 842 3561 t.
855 3505 885 3566 9.

33 3587 187 3652 carmine
208 3585 283 3646 haec
301 3595 364 3646 tam
383 3587 499 3646 curione
519 3587 598 3646 tacta
682 3593 756 3654 280.
790 3590 1025 3665 Hippomenes,
1054 3583 1178 3660 humor,

34 3669 314 3753 circumscriptio)
345 3671 445 3732 differt
477 3682 599 3732 tantum
640 3696 702 3734 non
713 3693 861 3734 venenum
868 3717 877 3748 ,
897 3681 934 3730 ut
946 3669 1022 3728 male
1032 3672 1114 3730 virm
1126 3689 1179 3728 ao-

32 3756 380 3843 philosophusapoeta
393 3758 425 3818 in
438 3757 507 3835 hoc,
515 3757 597 3838 quod
640 3761 766 3842 cipitur,
795 3779 834 3818 ex
855 3775 963 3835 equae,
984 3755 1037 3814 ubi
1056 3755 1178 3814 Veneris

33 3843 241 3908 occidentem
252 3843 340 3904 simul
351 3844 495 3904 excludit.
520 3845 599 3904 Care
640 3847 766 3906 stimulis
777 3844 901 3904 incaluit
912 3887 920 3918 ,
937 3841 1009 3901 locis
1020 3839 1177 3920 eliquatus,

30 3954 99 3992 rue
115 3949 170 3988 reu
182 3951 268 3988 eorm
282 3927 333 3988 hic
346 3929 597 4008 septemtrionali·
639 3951 699 4011 quo
713 3953 770 4012 pro
785 3928 899 4010 philtro
918 3946 989 3986 usae
1001 3945 1061 3984 esse
1074 3925 1177 3985 viden.

31 4019 109 4078 bus
136 4015 237 4074 ventis
265 4013 504 4092 adnumeratur,
531 4017 597 4094 flat
638 4028 692 4078 tur
712 4015 875 4090 veneficam
902 4021 939 4072 ut
956 4012 1044 4070 etiam
1062 4011 1177 4072 Probus

31 4101 89 4163 ab
114 4119 225 4161 occaeu
240 4100 395 4160 eolatitiaii
416 4113 444 4160 et
458 4102 596 4160 occiden-
639 4103 793 4178 observat,
804 4099 890 4159 addit
905 4107 1008 4179 poeta:
1020 4118 1087 4156 vero
1097 4098 1180 4178 quod

31 4185 216 4247 talilatere
231 4190 480 4263 septemtriouira
497 4188 595 4246 Grae·
638 4191 757 4248 nemim
784 4186 905 4258 dicrum
942 4183 1079 4264 proprie,
1107 4183 1176 4262 quia

31 4275 95 4332 cis
109 4271 210 4332 dic-tua
221 4271 382 4350 Argestes,
406 4271 597 4350 exsrigidre·
639 4273 752 4332 scilicet
774 4291 809 4330 eo
830 4269 951 4329 nomine
971 4271 1061 4330 etiam
1072 4267 1176 4349 appel-

31 4358 138 4418 simis
160 4369 189 4416 et
208 4355 531 4434 ipa-Ptin.xvu1‚
546 4355 597 4432 34,
638 4359 720 4418 latur
749 4355 927 4431 eartmcula,
948 4356 1042 4416 fronti
1060 4353 1104 4436 (et
1116 4354 1175 4412 lin-

32 4465 68 4502 e.
97 4445 150 4505 77.
172 4442 251 4504 eous.
271 4440 392 4502 Martia.
421 4439 502 4524 (vid.
522 4443 596 4502 Gell.
639 4441 726 4526 guae)
749 4443 823 4524 pulli
836 4459 939 4502 recens
959 4441 1032 4502 editi
1053 4439 1174 4514 irrnaaci,
