2660 5002
276 1068 311 1144 Ε
363 1067 394 1146 c
446 1067 476 1142 a
531 1065 569 1144 0
622 1053 740 1146 ea
827 1073 881 1146 tu

443 1229 708 1318 amaruan

385 1375 770 1468 arcusarcus

53 1498 170 1616 Exordio
181 1561 343 1638 praemisso
355 1572 445 1642 poeta
458 1583 497 1640 se,
510 1583 618 1648 parum
631 1562 756 1624 feliciter
768 1571 885 1622 tentato
898 1564 1027 1624 carmine
1042 1567 1133 1644 epico,

55 1638 122 1696 todire
135 1643 173 1702 ait
186 1645 223 1703 ad
240 1665 363 1706 carmen
382 1648 566 1725 bucolicum3
593 1649 667 1710 Vari
679 1659 780 1708 tamen
798 1649 936 1708 laudibus
952 1650 1135 1710 celebrandis

55 1722 127 1785 ethos
138 1725 215 1788 haud
233 1732 332 1814 impar
351 1734 416 1792 sore
434 1738 559 1798 1-12.
603 1735 677 1794 Inde
694 1743 817 1810 narrat,
846 1735 906 1794 duo
924 1737 1047 1814 Satyros
1066 1757 1133 1796 cum

54 1809 155 1890 lympha
166 1815 251 1894 Aegle
264 1819 400 1878 Silenum
412 1819 557 1880 iacentem
573 1840 721 1900 aggressos
734 1819 871 1900 adegisse,
893 1829 930 1879 ut
943 1821 998 1879 sibi
1014 1841 1134 1882 carmen

54 1907 189 1958 ffltm-
203 1906 253 1966 30.
297 1903 432 1984 Exponit
450 1905 521 1964 inde
540 1907 710 1964 summatim
728 1915 818 1986 poeta
836 1909 974 1969 31-63
995 1907 1133 1968 carminis

54 1995 232 2062 argumentum,
256 1987 342 2066 quod
359 1989 526 2068 mythicum
547 1999 606 2068 est,
628 1991 768 2070 attigerat
782 1992 895 2049 Silenus
908 1991 1022 2050 fabulas
1035 1993 1131 2072 primo

53 2074 232 2150 tcosmogonia
252 2073 411 2151 31—403
434 2076 504 2134 inde
524 2076 611 2150 aliae,
638 2078 805 2156 promiscue
828 2085 1023 2152 memoratas,
1052 2079 1131 2137 inter

54 2171 101 2226 quas
113 2157 244 2236 copiosius
257 2160 384 2240 exponit
390 2161 546 2242 Pasiphaes
559 2161 722 2222 infaustum
737 2183 866 2221 amorem
881 2163 961 2221 tauri
977 2161 1130 2239 45—60;

52 2237 142 2312 quiem
161 2261 224 2303 eum
245 2245 435 2326 potissimum
455 2247 619 2306 detinuerit
640 2248 666 2306 si
683 2268 825 2328 quaeras,
847 2267 980 2306 caussam
992 2247 1131 2308 idoneam

54 2329 222 2406 stampais,
248 2339 371 2410 praeter
390 2331 519 2392 lubitum
539 2341 654 2412 poetae.
703 2335 836 2412 Repente
855 2333 925 2390 inde
949 2332 988 2389 ad
1012 2335 1130 2393 Gallum

53 2427 137 2470 amen
148 2413 315 2491 deducitur,
336 2427 366 2475 et
381 2417 419 2476 ad
433 2417 494 2476 eius
511 2417 629 2478 laudem
644 2419 791 2496 poeticam
805 2427 835 2474 et
847 2416 978 2476 carmina
988 2417 1129 2476 inchoata

54 2491 170 2562 tt—ts.
211 2501 290 2560 Tum
309 2501 419 2560 iterum
440 2503 479 2562 ad
496 2503 612 2562 fabulas
632 2501 713 2561 redit
737 2501 786 2566 84.
829 2501 957 2582 Vespere
973 2502 1129 2580 ingruente

54 2577 100 2638 latit
109 2584 209 2646 Sssenus
221 2586 314 2646 linem
328 2588 453 2647 canendi
467 2590 517 2654 85.
531 2592 581 2652 86.

108 2667 179 2730 Felix
202 2672 233 2732 in
246 2671 351 2732 liuius
374 2675 495 2754 Eclogae
523 2682 697 2754 argumento
723 2681 754 2730 et
783 2671 846 2729 eius
867 2671 1047 2728 tractatione
1070 2671 1128 2731 fuit

52 2759 117 2822 P⁰tlt
152 2755 371 2818 iucundissimis
386 2760 472 2835 enim,
488 2759 673 2834 dulcissimis,
689 2777 724 2816 ac
736 2755 922 2838 pulcerrimis
935 2775 1037 2814 rerum
1050 2755 1127 2816 ima-

52 2833 132 2908 timlus
145 2842 232 2900 omnis
243 2842 323 2903 haec
337 2845 470 2906 namatio
488 2842 634 2904 distincta¹
646 2853 706 2920 est,
729 2863 787 2920 qua
802 2841 918 2902 Silenus
931 2861 968 2900 ex
982 2841 1128 2920 antiquis-

52 2917 155 2984 ss'muun
176 2938 336 3006 poetarum
353 2951 387 2990 ac
411 2929 657 3010 philosophorum
680 2929 846 2988 rationibus
866 2927 1007 3006 originem
1025 2947 1127 2990 rerum

52 3007 116 3082 anit,
133 3021 214 3090 atque
226 3013 299 3072 inde
312 3036 365 3095 per
379 3017 493 3076 fabulas
507 3025 647 3074 ornatum
661 3016 811 3094 poeticum
824 3013 951 3072 maxinre
963 3013 1126 3074 admitten-

52 3095 80 3144 tes
94 3107 208 3172 regatur.
249 3101 319 3160 Non
340 3103 434 3176 enim,
463 3120 555 3180 quaro
576 3123 644 3160 cum
663 3101 884 3174 Grammaticis,
913 3100 963 3177 qui
981 3102 1125 3180 Syronem

52 3169 193 3268 introcant
209 3183 258 3266 (de
275 3207 337 3265 quo
352 3209 381 3248 v.
401 3187 440 3246 ad
456 3187 674 3246 Pseudodonat.
690 3209 712 3246 s.
729 3184 792 3269 79.)
801 3232 809 3261 ,
839 3185 877 3244 ad
890 3185 1011 3266 Epicuri
1029 3187 1125 3266 potis-

53 3279 124 3323 mum
144 3269 246 3348 placita
270 3293 302 3333 v.
321 3277 358 3336 31
383 3293 443 3352 sqq.
465 3274 606 3346 referans,
633 3273 738 3345 video,
767 3271 860 3350 quid'l
883 3271 965 3349 quod
994 3281 1124 3348 quatuor

53 3343 170 3430 tlcments,
190 3359 333 3438 equibus
347 3359 521 3418 universum
536 3359 576 3418 ibi
598 3359 799 3432 construitur,
828 3376 903 3436 quae
924 3357 961 3414 ad
975 3355 1124 3434 Empedo-

53 3429 114 3494 deam
129 3442 265 3502 rationem
280 3443 449 3525 pertinent,
473 3445 509 3502 ab
524 3444 736 3524 Epiceueorum
751 3441 883 3524 principe
898 3441 1036 3502 Lucretio
1051 3459 1124 3497 axa-

52 3515 145 3588 Vitatur
156 3525 181 3602 Ι,
202 3533 280 3608 717,
305 3531 458 3588 etmititur
477 3539 543 3588 tota
562 3529 598 3586 de
610 3529 730 3608 Virgilio
748 3529 908 3606 Epicureae
921 3523 1123 3608 philosophiae

54 3611 158 3668 scauro
171 3613 267 3673 fabula
280 3613 341 3674 fide
353 3615 574 3675 Pseudodonati
588 3624 617 3672 ct
636 3614 746 3688 Seruii,
769 3624 821 3673 aut
834 3614 933 3694 potius
947 3611 1123 3672 vanissimo-

54 3690 266 3780 caloninum,
297 3701 347 3778 qui
369 3701 488 3760 nomina
508 3701 563 3759 ista
584 3699 796 3764 suntmentiti.
839 3699 910 3758 Fuit
928 3696 1123 3758 autem'anti-

57 3775 153 3840 tissima
170 3783 263 3864 aliqua
285 3785 469 3845 reconditior
485 3786 585 3845 fabula
609 3786 645 3844 de
667 3785 758 3844 Sileni
778 3783 964 3866 philosophia
985 3793 1016 3842 et
1035 3801 1124 3862 super

55 3869 84 3910 Μ
97 3869 224 3928 naturales
240 3879 270 3930 et
288 3871 401 3931 ethicas
419 3872 687 3952 disputationibus:
715 3891 809 3948 neque
829 3889 940 3928 vanum
959 3879 1018 3944 est,
1042 3867 1123 3947 quod

54 3937 125 4004 Serio
143 3951 280 4016 insertum
299 3967 344 4016 est
374 3957 412 4016 ad
439 3979 468 4017 v.
491 3961 529 4020 13
564 3959 642 4016 Sane
665 3958 722 4016 hoc
751 3957 787 4013 de
809 3955 906 4026 Sileno
931 3977 989 4013 non
1015 3955 1125 4012 dicitur

49 4019 125 4090 dmm*
140 4059 158 4094 a
181 4043 325 4120 Virgilio,
355 4045 409 4100 sed
426 4065 446 4100 a
471 4043 661 4122 Theopompo
680 4041 867 4100 translatum.
914 4041 946 4098 Is
965 4042 1043 4097 enim
1062 4061 1123 4116 op-

56 4251 61 4262 .
76 4191 93 4256 ‘l
107 4199 205 4257 Stiuas.
228 4209 392 4278 adscriptam
406 4219 543 4276 praeterea
585 4209 719 4270 tenorum,
736 4208 769 4258 sb
784 4205 841 4258 aliis
852 4221 908 4257 soc.
922 4205 1026 4258 omnino
1041 4208 1122 4258 abest.

55 4269 74 4304 ¹¹
83 4262 126 4316 'st
138 4273 297 4344 Fennorum,
321 4283 498 4348 Satyrorum,
516 4291 543 4330 et
584 4281 636 4330 Pro
644 4278 755 4330 Silenus
764 4276 791 4326 in
800 4275 857 4326 aliis
866 4275 1053 4344 praescriptum
1064 4278 1123 4328 Va-

56 4325 187 4392 ussaw„
200 4347 348 4401 musio.
365 4349 424 4400 Boo
434 4348 544 4400 etoodd.
587 4365 644 4400 sus.
662 4347 728 4414 (Hoc
735 4345 843 4398 Vossius
851 4343 992 4412 adoptavit,
999 4345 1123 4397 suadente

57 4389 240 4466 hdmnmffi
252 4419 488 4486 procelosum
499 4419 544 4470 ci-
588 4415 667 4468 stism
678 4433 714 4468 ss.
730 4417 770 4471 tt.
784 4417 866 4468 ltsete
880 4415 998 4468 sortasse.
1018 4415 1088 4480 Wr.)
