2730 5016
188 321 264 398 634
429 323 470 398 P.
496 321 760 398 VIRGILll
784 321 1059 400 MARONIS

240 505 309 581 Sin
325 504 375 582 ad
388 507 494 584 bella
510 508 635 606 magis
651 507 828 584 studium
847 522 1078 609 tunnasque
1092 505 1262 600 feroces,

187 613 264 684 Aut
278 609 430 710 Alphea
445 613 543 688 rotis
556 611 729 712 praelabi
744 610 908 688 flumina
922 613 1046 708 Pisae,
1238 621 1308 690 180

186 715 235 787 Et
248 715 352 790 lovis
366 715 407 790 in
422 715 513 792 luco
530 739 666 792 currus
680 718 822 814 agitare
836 715 1020 794 volantisz

186 816 341 893 Primus
356 821 449 920 equi
466 819 580 894 lahor
595 833 669 916 est,
698 820 851 896 animos
869 833 987 921 atque
1006 843 1116 894 arma
1133 815 1274 892 videre

185 919 428 1019 Bellautum,
454 923 653 1024 lituosque
673 925 775 1024 pati;
801 937 1007 1024 tractuque
1025 933 1263 1021 gementem

186 1025 308 1100 Ferre
320 1039 469 1124 rotam,
498 1040 537 1102 et
553 1027 706 1103 stabrdo
722 1025 858 1103 frenos
874 1027 1008 1102 audire
1022 1027 1222 1113 sonantis;

189 1127 295 1202 Tum
327 1131 451 1228 magis
478 1121 596 1232 atque
626 1133 749 1230 magis
784 1130 939 1206 blandis
973 1129 1151 1228 gaudere
1188 1127 1311 1224 magi-

770 1235 839 1310 stri
1242 1235 1311 1308 185

186 1331 407 1432 Laudibus,
435 1347 474 1411 et
489 1335 647 1436 plausae
663 1337 840 1414 sonitum
854 1336 1013 1412 cervicis
1027 1359 1175 1412 amare.

187 1439 319 1536 Atque
334 1438 432 1514 haec
446 1440 525 1514 iam
541 1441 671 1540 primo
687 1441 875 1543 depulsus
889 1440 937 1514 ab
950 1439 1077 1516 ubere
1097 1438 1239 1512 matris

186 1538 361 1640 Audeat,
388 1543 512 1644 inque
528 1545 657 1620 vicem
672 1543 740 1622 det
754 1543 945 1622 mollibus
961 1567 1032 1619 ora
1047 1541 1228 1642 capistris

222 1748 273 1803 179
290 1749 321 1802 iu
338 1762 497 1822 turmaeque
514 1753 581 1806 veru
651 1753 700 1808 181
719 1755 752 1806 Si
774 1755 850 1806 lavia
872 1769 937 1804 auur
959 1749 1049 1802 hired.
1083 1749 1210 1801 volentia
1227 1749 1311 1814 ungu

186 1817 275 1869 Vatic-
294 1821 434 1888 (volantes
449 1821 543 1874 Medic.
566 1821 637 1890 Wr.)
709 1825 759 1877 182
777 1825 854 1894 equis
874 1821 970 1874 Medic.
988 1821 1076 1890 (equis
1088 1817 1245 1870 sibilantem
1256 1817 1312 1868 lite·

186 1905 241 1937 rmu
256 1905 288 1938 ex
321 1907 458 1958 raegrreeo
474 1909 531 1944 voc.
545 1891 670 1954 adscivit3
689 1892 780 1944 etrid.
795 1895 827 1956 Q.
842 1893 875 1944 V.
892 1893 973 1953 Vllll,
990 1889 1057 1952 2,d.
1080 1889 1157 1954 Wr.)
1195 1891 1312 1939 animae-

185 1975 238 2024 que
253 1957 291 2008 ad
301 1908 376 2010 lette
394 1961 462 2011 ulter
474 1961 599 2014 Rottend.
635 1963 673 2014 Io.
689 1962 827 2014 Schrader.
846 1971 910 2030 poet
922 1961 974 2011 elia
987 1967 1090 2010 tentata
1103 1957 1231 2026 legebat:
1255 1958 1312 2007 Pri-

185 2043 245 2075 mus
256 2029 333 2094 aquia
348 2025 427 2081 labor
439 2043 481 2080 eat
493 2033 639 2096 animarit,
657 2049 734 2083 arma
748 2031 856 2092 videm
884 2029 1014 2100 quomodo
1029 2027 1100 2078 euim
1114 2045 1201 2095 equus
1216 2029 1312 2078 animat

184 2093 275 2144 videre
310 2097 395 2150 ueeitl
419 2099 526 2152 Scilicet
541 2103 640 2166 anina,
665 2114 693 2153 ut
706 2101 778 2166 irae,
795 2096 904 2167 θνμός,
925 2116 974 2168 pro
989 2115 1094 2179 pugna,
1118 2115 1190 2165 qaue
1202 2097 1312 2147 animose

185 2163 226 2224 fili
245 2173 273 2213 et
290 2115 321 2216 h.
342 2163 361 2216 l.
383 2169 470 2220 animi
488 2183 515 2221 et
537 2189 616 2222 arma
629 2169 778 2222 bellantum
794 2179 854 2220 eunt
873 2179 968 2240 poetae
982 2167 1034 2236 iper
1053 2166 1198 2218 bellantes.
1270 2165 1313 2220 att

185 2229 303 2286 stabulis
315 2235 385 2304 apud
398 2238 512 2290 Nouium
534 2239 562 2291 iu
570 2239 686 2312 frenos,
709 2249 737 2292 et
758 2257 822 2290 unm
839 2239 925 2290 Mead.
961 2237 1066 2288 audere
1087 2236 1189 2286 Medic.
1205 2255 1221 2286 ι
1234 2255 1267 2286 ru.
1279 2251 1312 2302 pr.

185 2301 254 2353 9091·
267 2303 337 2356 fldv·
352 2307 410 2362 188.
483 2309 533 2364 186
551 2309 701 2362 Pluueibua
711 2321 739 2361 et
771 2310 868 2360 lacteae
883 2307 982 2360 zulich.
998 2324 1038 2376 pr.
1053 2305 1155 2356 Moret.
1173 2307 1255 2358 Goth.
1268 2321 1312 2354 ser.

185 2389 298 2423 amarae
309 2373 401 2443 fragm.
414 2376 501 2430 vatic.
522 2397 537 2430 a
557 2395 591 2431 m.
609 2398 661 2431 uec.
731 2329 781 2432 ldd
798 2379 909 2430 Audeat
927 2377 1018 2428 Heius.
1035 2375 1144 2444 recepit
1167 2393 1199 2426 ex
1226 2373 1312 2425 Medii.

185 2459 216 2492 ec
230 2442 298 2494 Gud.
315 2463 331 2494 a
345 2463 379 2496 m.
391 2463 442 2513 pr.,
461 2447 629 2500 Mentelieuit
638 2486 646 2512 ,
664 2451 744 2516 ssepa
772 2457 800 2498 et
816 2447 854 2498 eic
869 2449 1000 2498 Romanus
1015 2445 1122 2495 videtur
1135 2443 1246 2512 legisse.
1279 2445 1312 2491 lta

186 2520 215 2560 et
226 2511 320 2579 fragm.
333 2515 420 2566 vatic.
437 2517 552 2584 (audeat
565 2518 655 2586 prior,
673 2519 771 2570 audiat
784 2517 867 2568 altera
883 2515 978 2568 Medic.
993 2515 1090 2574 lectio;
1120 2515 1230 2566 audeat
1243 2513 1310 2564 erin

185 2580 211 2632 4·
225 2581 251 2634 7·
265 2591 293 2632 et
307 2587 380 2636 Serv.
393 2585 487 2638 Dreed.
511 2587 582 2655 Wr.)
617 2587 723 2639 Audiat
737 2586 832 2654 vulgo,
856 2585 938 2636 minue
955 2585 1032 2636 heue.
1057 2583 1113 2634 vid.
1133 2585 1203 2634 Not.
1239 2585 1310 2652 uirque

186 2649 271 2715 diem,
289 2653 372 2724 inque
386 2655 471 2720 viare,
489 2657 571 2728 inque
578 2657 666 2726 fidem
679 2656 802 2708 tentabat
812 2657 852 2706 la.
864 2655 1002 2707 Schrader.

129 2835 134 2852 ·
185 2807 315 2868 voluisse
327 2810 492 2890 Virgilium,
511 2813 581 2874 inde
594 2823 728 2894 apparet,
768 2814 856 2872 iuxta
880 2811 1040 2892 Alpheum.
1060 2809 1126 2869 vid.
1140 2829 1174 2868 v.
1193 2813 1244 2874 19.
1279 2807 1306 2864 ΙΙΙ
1356 2863 1357 2866 η

187 2893 284 2974 quod,
318 2895 343 2954 ei
363 2899 550 2960 contrarium
576 2901 727 2974 voluisset,
768 2900 838 2960 luco
859 2899 938 2958 lovis
957 2905 1023 2956 eret
1042 2895 1198 2968 stadium,
1225 2903 1259 2954 ut
1277 2912 1308 2950 ex

185 2979 278 3039 verba
292 3001 372 3040 more
383 2997 506 3062 patrum
521 2987 661 3066 proximo
676 2986 727 3044 irt-
769 2985 919 3044 Strabone
932 2991 961 3042 et
974 2982 1124 3042 Pemerrie
1141 2989 1275 3060 apparet.

185 3065 311 3123 uerenda
329 3079 415 3128 erent
438 3073 607 3132 enunciata.
642 3073 711 3133 Wr.
814 3067 1213 3134 182—164.anteomnia
1229 3085 1310 3144 equus

230 3154 342 3214 179·-
356 3157 428 3219 208.
455 3157 667 3217 Tranritnunc
769 3155 1015 3216 adsuefecieudus
1056 3164 1105 3212 eet
1146 3151 1230 3234 (hoc
1262 3159 1311 3208 est:

186 3255 290 3295 curam
310 3239 477 3316 pullorum:
508 3243 603 3304 Varro
627 3243 672 3317 ll,
696 3245 726 3317 7,
767 3245 885 3320 primata
904 3244 974 3322 equi
999 3237 1088 3298 labar
1110 3237 1179 3318 est)
1211 3237 1307 3298 tudere.
1355 3243 1356 3283 ἐ

186 3323 279 3387 6.15.
302 3324 416 3385 Colum.
437 3327 564 3404 v1,29,
586 3334 614 3392 1.
637 3329 727 3388 etiam
769 3335 806 3386 ut
828 3327 946 3400 videat,
979 3325 1080 3384 videri
1103 3325 1235 3398 toleret,
1256 3321 1309 3382 bd-

184 3405 448 3471 horumdilectum
468 3423 586 3475 mature
603 3433 664 3472 esee
681 3415 727 3472 fa·
768 3412 880 3488 lantes,
902 3429 1092 3489 ueupugnae,
1118 3411 1309 3470 etlituoetu-

185 3489 325 3554 ciendum
356 3497 454 3577 ptimo
477 3499 545 3558 loco
573 3501 726 3580 praecipit.
769 3498 881 3578 basque
911 3497 1040 3571 audire,
1079 3505 1136 3555 aut
1161 3497 1310 3576 strepitum

185 3578 240 3635 Sin
251 3585 353 3660 magia
367 3595 410 3642 eat
423 3585 573 3660 caedrum,
588 3587 729 3664 formare
770 3603 916 3644 curruum
929 3581 1149 3660 frenorumque
1152 3581 1250 3661 serre,
1257 3599 1312 3660 pa·

186 3660 309 3740 (hocex
323 3687 367 3728 vu.
383 3673 443 3733 168
456 3669 726 3754 repetendumeat)
769 3671 849 3729 serre
870 3669 1006 3730 auribus:
1038 3680 1157 3742 rutam,
1183 3686 1308 3730 currum.

183 3749 283 3825 pullos
308 3754 352 3812 ad
372 3753 451 3814 bella
476 3769 665 3837 manusque,
693 3755 726 3816 h.
766 3769 934 3835 garrientem
964 3765 1089 3827 metu,
1123 3753 1310 3820 stridentem,

183 3851 273 3894 usum
286 3836 441 3916 bellicum,
463 3855 519 3901 aut
529 3843 680 3920 praelabi,
703 3863 726 3902 e.
769 3842 842 3900 dum
858 3839 1009 3916 trahitur3
1032 3848 1065 3898 et
1078 3840 1112 3898 iu
1125 3837 1311 3916 stabulosn·

182 3923 380 4000 praeterlabi,
415 3945 489 4004 pro,
528 3937 583 3987 aut
614 3937 650 3988 ut
682 3927 726 3986 illi
767 3927 1110 3986 noaaude'monantee:
1126 3924 1167 3983 de
1183 3923 1244 3983 hoc
1257 3919 1309 3980 rid

183 4005 415 4086 praelabentur,
451 4022 594 4088 currant,
634 4033 727 4073 cursu
769 4013 866 4071 Varro
885 4013 922 4071 1².
939 4011 1309 4088 lt.11‚7,12.aeopou
1353 4031 1354 4099 p

183 4095 301 4149 certent
329 4093 368 4154 ad
393 4095 475 4176 ripae
507 4097 611 4178 Alphei
641 4101 723 4174 rotie,
768 4097 910 4174 xv1,1;
938 4115 987 4156 ree
1016 4104 1101 4154 uate.
1155 4099 1230 4160 186.
1256 4095 1309 4152 fix-

182 4173 394 4254 quadrigarum
408 4185 585 4260 certarnine,
609 4191 640 4243 et
653 4188 727 4263 agi-
768 4183 877 4263 pressit
888 4182 981 4242 verbe
992 4181 1110 4240 Nemes.
1126 4181 1238 4262 Cyneg.
1247 4177 1308 4244 999

181 4263 264 4330 ‘We
293 4270 330 4318 Ut
356 4266 484 4344 agitent,
516 4291 630 4328 cuarraa.
684 4271 729 4328 De
768 4272 833 4332 296
859 4269 941 4327 Orata
961 4269 1018 4341 au,
1045 4279 1307 4346 atquetaraem-

181 4343 344 4402 certamine
364 4349 522 4432 Olympico
540 4375 608 4414 eum
632 4353 725 4434 loqui,
768 4352 856 4412 ntum
864 4373 1036 4432 pererrante
1049 4373 1206 4431 equarum,
1227 4353 1306 4410 Gau-

53 4467 70 4519 ,
128 4484 133 4499 ,
181 4423 251 4482 satis
286 4437 394 4507 patet,
439 4439 523 4515 quod
555 4439 726 4502 habebatur
767 4439 838 4498 deal
851 4440 1009 4517 utplaueu
1020 4442 1159 4516 mamea,
1185 4437 1303 4495 heta*
