2730 5016
199 334 561 412 ouoncucou
586 336 774 446 muni
795 343 1009 416 ura-ua
1087 341 1163 416 aaa

30 525 106 594 ἔοι·
119 533 296 614 terram,
324 535 363 596 et
377 545 536 597 summo
551 519 711 617 vestigia
723 521 887 620 pulvere
902 526 1075 621 signent:

30 629 128 698 lost
146 623 283 699 valido
301 625 430 699 nitens
447 625 520 700 sub
537 623 721 725 pondere
737 620 890 722 faginus
906 628 982 702 axis

30 739 254 828 nsrrepat,
282 741 322 803 et
334 728 490 803 iunctos
505 742 615 804 temo
637 725 765 801 trahat
783 753 921 805 aereus
936 728 1052 806 orbis.

30 833 197 905 [nterea
212 829 310 930 pubi
327 829 544 908 indomitae
561 856 645 908 non
661 833 837 928 gramina
853 845 1019 927 tantum,

30 939 113 1008 ¹lec
168 957 302 1008 vescas
350 933 513 1010 salicum
552 933 744 1032 frondes,
796 935 1010 1038 ulvamque
1050 933 1162 1034 palu-

625 1051 760 1136 strem,
1088 1041 1162 1115 175

30 1137 113 1212 Sed
133 1135 339 1215 frumenta
353 1165 476 1218 manu
493 1165 629 1241 carpes
645 1154 734 1220 sata
775 1138 1076 1236 Nectihifelae,
1128 1159 1134 1166 '

30 1247 152 1316 ilore
176 1255 354 1342 patrum,
382 1245 494 1320 nivea
522 1243 734 1345 inplebunt
758 1245 985 1329 mulctraria
1010 1267 1161 1340 vaccae,

30 1343 114 1420 Sed
131 1358 220 1420 tota
237 1347 278 1422 in
297 1346 423 1422 dulcis
439 1362 678 1424 consument
689 1348 814 1424 ubera
829 1361 953 1427 natos.

58 1519 114 1574 171
138 1537 246 1570 aunmea
260 1521 384 1574 Rotleml.
399 1521 472 1574 alter.
497 1523 748 1593 eigaonrliotteud.
761 1531 822 1574 tert.
837 1531 865 1573 et
878 1521 986 1573 Mentel.
1000 1539 1040 1589 pr.
1111 1521 1162 1574 172

30 1589 185 1658 validoque
200 1589 245 1640 alt.
260 1593 362 1658 Menog.
434 1593 484 1646 173
502 1595 641 1664 laearepet
653 1592 735 1643 Goth.
752 1609 804 1643 aec.
840 1603 914 1644 terat
927 1591 980 1642 liri.
1016 1591 1122 1642 vinctae
1135 1599 1162 1639 et

30 1655 105 1708 ubis
127 1659 251 1710 nonnulli
271 1662 341 1727 apud
359 1660 478 1712 Pierium.
511 1658 600 1730 (arbee
619 1661 715 1712 Medic.
740 1661 810 1726 Wr.)
878 1661 931 1714 175
949 1660 1013 1712 Non
1035 1657 1080 1710 alt.
1093 1659 1161 1708 uot-

30 1727 101 1778 end.
141 1745 241 1778 vercae
259 1730 368 1781 Mentel.
390 1740 451 1782 tert.
495 1731 646 1800 silvamque
668 1733 743 1782 Rom.
764 1729 858 1791 Pierii,
884 1727 1004 1781 Perrhae.
1030 1728 1058 1778 in
1078 1744 1160 1794 marg.

30 1797 170 1866 uvasque
184 1797 276 1866 fragm.
293 1799 521 1869 Vatic.am.pr.,
575 1801 625 1853 176
643 1798 761 1852 Necubi
777 1801 872 1850 Moret.
889 1815 939 1864 pn,
966 1797 1036 1868 quod
1052 1795 1159 1848 lleineio

30 1866 173 1930 ducebat,
192 1877 219 1917 ut
233 1878 300 1918 earet
315 1867 427 1932 necubi,
445 1886 494 1940 pro
510 1886 543 1918 na
559 1868 662 1920 alicubi.
697 1871 794 1920 Lucan.
809 1871 865 1932 IX,
885 1869 952 1922 1058
975 1865 1081 1918 Necubi
1092 1883 1161 1936 aup-

30 1953 148 1986 rreaaue
188 1949 265 1987 ereot
283 1957 377 2007 gener.
411 1943 446 1989 At
466 1938 598 2008 requitur,
622 1941 658 1990 im
678 1937 779 1990 lebant.
820 1985 824 1994 .
851 1939 901 1992 177
916 1937 1080 1990 mulctraria
1094 1952 1161 1986 con-

30 2011 98 2055 'eeea
119 2020 155 2056 co
178 2003 244 2056 'cum
264 2005 353 2058 lectio.
387 2008 447 2058 mul
464 2011 527 2058 aria
548 2009 664 2058 nonnulla
687 2006 814 2072 Pieriani,
839 2006 904 2060 item
923 2006 992 2077 apud
1011 2005 1160 2072 Philargyr.

30 2085 47 2124 >t
63 2071 205 2136 Nonium,
231 2092 281 2143 qua
299 2077 382 2128 forma
407 2087 434 2128 et
473 2076 568 2158 alpium
591 2077 656 2130 olim
672 2096 744 2129 usum
764 2077 845 2128 l'oiaea
867 2086 960 2128 notant
982 2073 1159 2127 Grammatici.

30 2143 62 2194 ld
81 2161 251 2194 communem
264 2144 403 2197 lectionem
420 2145 520 2198 accedat
534 2146 644 2198 aliorum
656 2149 798 2215 ecriptura:
816 2147 987 2209 malavalle,
1005 2143 1158 2206 mulctabo,

30 2214 197 2276 auleroriu,
220 2225 247 2265 ut
269 2213 296 2264 in
319 2216 409 2284 fragm.
424 2215 510 2268 Vatic.
525 2235 539 2267 a
553 2235 586 2282 pr.
600 2235 640 2286 pr.
658 2219 822 2280 malcrorr'a,
839 2216 999 2278 mulctatio,
1018 2213 1085 2264 utin
1100 2213 1160 2264 Me-

30 2283 76 2332 lie.
95 2301 112 2332 a
134 2300 177 2352 pr.
196 2302 245 2348 nu,
269 2285 407 2336 multatio.
480 2286 530 2339 178
547 2291 584 2338 Et
602 2287 695 2354 fragm.
720 2285 805 2338 Vatia.
842 2296 1005 2338 consumam
1024 2281 1119 2334 Medic.
1143 2300 1159 2334 a

30 2371 55 2402 n.
69 2369 114 2420 pr.
138 2355 190 2418 (eet
204 2369 234 2404 ea
248 2353 322 2419 prior
336 2353 425 2406 lectio.
448 2353 519 2422 We.)
554 2367 718 2408 coneumane
731 2355 858 2406 llottend.
876 2363 940 2406 tert.
975 2363 1160 2405 consumment

30 2421 98 2472 had.
125 2421 233 2488 (dulcea
247 2423 317 2475 Med.
339 2424 411 2492 Wr.)

31 2543 126 2600 ebat
153 2539 245 2622 (prais
254 2537 349 2620 [vid.
366 2545 403 2620 Q.
419 2545 455 2606 V.
468 2545 575 2622 XVlll,
617 2545 737 2606 Marlin.
790 2547 861 2609 176.
890 2543 952 2601 Sed
975 2542 1066 2600 eiiam
1082 2539 1159 2618 flu-
1266 2613 1270 2621 ⁴

31 2633 53 2702 1,
69 2649 101 2688 o.
130 2627 220 2710 W.)
267 2633 336 2696 170.
357 2633 572 2706 taracinam,
617 2641 819 2703 matusala,
840 2625 1158 2688 berbaanovallaeae-

31 2734 130 2774 racua
153 2713 308 2792 plaustra,
344 2727 474 2795 quorum
502 2736 575 2776 mox
615 2717 699 2797 galia.
721 2711 992 2775 virvarana.
1010 2711 1045 2788 ll,
1063 2709 1158 2784 5,17.
1238 2779 1246 2786 ,

31 2799 159 2878 reetigia
170 2799 299 2880 intellige
314 2803 421 2862 leviter
435 2821 574 2883 expressa
661 2805 722 2866 176
741 2832 785 2847 -
806 2801 876 2864 178.
913 2799 1108 2876 Praeceptum
1139 2815 1158 2853 a
1217 2857 1221 2866 ,

34 2909 55 2944 ιι
100 2883 258 2964 pulvera,
292 2889 361 2966 quia
389 2889 468 2948 levia
495 2896 574 2948 aunt.
615 2887 717 2947 multia
728 2879 1158 2956 veteribueetreoentioribur,

31 2975 104 3036 172.
142 2969 274 3032 Tandem
299 2973 435 3053 plaustro
457 2973 574 3053 ponda-
617 2994 686 3034 cum
707 2973 745 3031 de
766 2970 894 3046 bovillo,
923 2979 989 3028 tum
1011 2967 1048 3026 da
1066 2965 1157 3026 ouillo

31 3075 101 3116 roeo
128 3065 162 3114 et
186 3067 293 3118 onualo
316 3059 490 3140 iungantur.
533 3059 575 3118 At
616 3057 904 3138 generarepelitum.
917 3055 954 3114 cf.
970 3054 1066 3115 Varro
1079 3053 1157 3111 ua.

31 3161 123 3220 luam
144 3153 248 3202 ornate
267 3143 326 3203 boc
348 3147 474 3207 extulit!
502 3145 575 3206 Para
616 3145 696 3221 uu,
713 3148 760 3208 17.
784 3143 899 3202 Colum.
913 3141 977 3218 Vll,
991 3138 1021 3214 4,
1035 3144 1063 3204 3.
1078 3139 1158 3197 6θο-

31 3249 66 3288 ex
82 3227 209 3288 Homeri
222 3229 273 3289 illo
288 3231 403 3308 uuus,
415 3234 478 3296 838
500 3229 575 3313 μέγα
616 3252 686 3311 pon.
710 3229 821 3304 XVlll,
844 3233 959 3292 Saxis.
1002 3225 1041 3286 Et
1062 3223 1158 3303 pulcri

32 3309 61 3377 l’
77 3313 186 3394 ἔβραχε
206 3311 337 3397 φήγινος
356 3313 455 3392 ἄξων,
477 3337 574 3376 versa.
616 3337 720 3376 versus
739 3313 892 3395 Calpurnii
913 3311 973 3373 uel.
989 3311 1025 3386 V,
1042 3314 1083 3374 36
1097 3309 1157 3367 inm

32 3415 109 3458 renw
132 3421 248 3476 aereae,
272 3422 357 3478 aare,
380 3422 461 3462 nunc
481 3403 572 3478 lerro,
616 3403 653 3462 ab
681 3401 744 3460 aliie
768 3399 903 3460 laudati:
932 3401 1029 3458 Paroa
1057 3407 1157 3452 tanuen

32 3487 180 3546 usmarus.
201 3489 296 3546 iwaeti
306 3488 407 3562 arbee,
430 3495 525 3564 rotae,
540 3487 572 3548 h.
606 3489 703 3567 saie,-
726 3508 780 3546 nec
796 3489 855 3546 aiat
874 3482 1053 3562 compendia
1067 3481 1156 3554 tanti,

32 3591 158 3646 mma,
179 3573 227 3631 cui
242 3574 456 3634 temoiuuctue
468 3583 523 3634 eet.
615 3576 761 3633 Deelmot
780 3584 813 3631 ua
838 3574 940 3630 m'veoe
966 3566 1081 3626 evenalia
1101 3585 1156 3622 oa·

76 3654 150 3720 174.
163 3658 239 3735 pubi
258 3661 437 3736 adamum,
467 3659 574 3720 vitulis
616 3681 683 3718 aeaa
695 3679 811 3738 agrion
825 3651 982 3716 Namtilu'
990 3651 1156 3746 praecipuo

32 3743 169 3804 nondum
187 3741 315 3821 domitis,
338 3745 574 3806 donecdomen-
607 3745 715 3822 serm
747 3743 865 3801 colatur
896 3757 1007 3799 aurore.
1061 3733 1157 3794 Addit

32 3843 95 3890 [ιιι.
141 3830 209 3894 175.
230 3851 332 3889 vescae
346 3831 574 3910 aalicamsmra-
616 3850 696 3888 more
720 3841 863 3906 prauum,
907 3821 990 3902 quod
1021 3819 1156 3880 eolebflnt

32 3917 105 3988 dea,
130 3913 227 3988 exiles,
242 3925 356 3992 tenues,
377 3937 487 3997 parum
504 3937 574 3978 auce
618 3913 744 3974 maiores
764 3915 879 3986 lacera,
906 3907 995 3990 priaci
1008 3905 1156 3986 patresfa-

32 4021 126 4060 coaae.
149 4021 270 4066 saeorum
288 4021 430 4080 papaver
446 4003 500 4064 Ge.
523 4003 573 4078 lv,
616 4000 711 4060 miliae
726 4007 756 4057 et
780 3995 934 4078 agricolae.
976 3991 1155 4070 Ambiguum

33 4091 114 4164 131,
143 4105 234 4164 parva
257 4107 350 4165 grana
377 4085 506 4164 habene,
537 4097 573 4146 ut
616 4085 737 4164 quidem
763 4103 817 4164 per
844 4082 938 4142 verba
965 4087 1024 4154 eat,
1051 4086 1155 4138 utram

33 4172 104 4231 eatis
125 4169 250 4232 docuere
268 4173 327 4232 viri
348 4173 444 4248 docti,
467 4183 497 4234 el
512 4173 572 4232 iam
614 4171 754 4245 fecerint3
776 4187 814 4228 ex
828 4168 963 4228 Varrone
984 4174 1086 4224 tamen
1100 4181 1155 4241 ap·
1243 4158 1253 4178 ‘

33 4257 274 4338 Philargyr.la.1
297 4259 390 4333 ulva,
409 4257 573 4318 berhaeae
614 4266 701 4338 paret
723 4253 907 4334 probabilius
932 4270 993 4310 erae
1018 4249 1154 4319 alterum,

33 4343 137 4404 calami
163 4341 306 4425 palustria
327 4364 437 4424 genua,
466 4345 571 4405 eadem
614 4342 759 4402 matribus
782 4340 854 4399 olim
884 4335 1045 4417 mulgendo
1065 4333 1155 4394 fuisse

34 4451 102 4492 eum
123 4429 215 4512 erpho
239 4437 342 4490 nostra
370 4429 509 4492 habetur.
533 4432 570 4490 cl.
612 4431 661 4490 lac
681 4425 873 4488 subductum.
903 4421 956 4508 (at
976 4422 1037 4483 hoc
1055 4419 1156 4480 dicare
