2634 5012
195 337 557 414 eucnemon
583 339 687 415 urs.
713 340 995 434 Laos-215
1081 343 1156 420 ess

44 530 212 625 Tempus
241 523 372 600 humo
395 535 556 622 tegere,
593 535 635 599 et
665 521 901 602 iamdudum
922 525 1155 602 incumbere

38 733 136 804 Dum
153 729 252 804 sicca
264 729 409 806 tellure
425 729 533 826 licet,
563 639 818 805 duiiiliiiibila
835 729 1025 830 pendent.

38 837 134 907 Vere
163 830 263 909 sabis
292 835 413 927 sati03
454 846 541 908 tum
577 845 617 908 te
651 857 839 935 quoque,
872 834 1045 932 Medica,
1079 859 1155 934 pu-

610 949 690 1012 tres
1077 940 1154 1016 215
1269 977 1285 990 =

79 1045 166 1116 213.
193 1061 364 1132 reorum
465 1040 471 1058 ‘

61 1211 112 1264 218
130 1213 232 1264 rastris
244 1211 273 1262 iu
284 1211 403 1264 Romano
417 1221 443 1264 et
455 1210 543 1263 multis
558 1229 600 1282 ap.
610 1210 700 1262 Heius.
713 1221 739 1262 et
746 1209 861 1262 Pieriam
875 1219 902 1262 et
912 1209 940 1260 iu
951 1218 1063 1278 atroque
1073 1209 1153 1262 Gotlr.
1257 1251 1270 1261 .

33 1280 69 1330 Sic
83 1295 188 1349 quoque
203 1291 316 1350 quatuor
335 1281 405 1351 apud
418 1281 572 1345 Martinam,
597 1279 641 1350 qui
659 1281 695 1332 ita
711 1280 820 1348 exprimi
840 1279 937 1332 curarit
954 1297 1012 1331 cum
1024 1279 1153 1332 Brauckio

35 1361 55 1398 et
67 1349 223 1402 Wakefield.
246 1367 277 1402 ex
294 1351 336 1402 ed.
351 1361 404 1401 ant.
418 1361 444 1402 et
459 1351 564 1418 placere
580 1360 691 1419 possunt
708 1352 809 1414 rastri,
834 1349 941 1418 quiade
957 1349 1011 1400 lini
1023 1359 1051 1400 et
1060 1367 1153 1420 papo-

34 1421 99 1468 seris
116 1419 219 1470 satione
231 1418 318 1488 agitur
333 1419 383 1472 iam
403 1420 485 1483 facta,
503 1419 544 1470 cui
559 1419 675 1471 succedit
689 1417 805 1470 sarritio:
824 1429 850 1470 at
866 1418 949 1470 aratio
965 1429 1153 1486 praecesserat.
1179 1415 1188 1424 ”

32 1487 183 1540 lmoleutius
197 1489 235 1540 sic
249 1489 347 1540 dictum
362 1488 445 1540 videri
458 1498 550 1558 posset
565 1487 718 1540 incumbere
733 1491 846 1540 rastris:
869 1487 962 1538 liceret
974 1497 1062 1538 tamen
1077 1487 1154 1555 cogi-

32 1567 81 1606 tare
94 1559 128 1609 de
145 1561 251 1610 tastris
262 1561 357 1630 iniquo
367 1559 501 1630 pondere:
519 1577 542 1610 v.
559 1557 617 1612 164.
653 1557 706 1612 Sed
722 1575 810 1608 versus
825 1575 935 1626 sequeus
949 1556 1065 1608 declarat
1081 1555 1153 1622 satis,

32 1639 127 1744 poetam
141 1637 313 1696 praeceptum
331 1628 365 1680 de
380 1627 498 1680 aratione
512 1627 668 1694 tempestive
690 1626 810 1678 iacienda
825 1626 970 1678 summatim
983 1626 1079 1678 iterare
1095 1644 1153 1678 ma-

41 1695 118 1747 uisse:
137 1697 231 1748 eadem
244 1708 330 1749 sutem
343 1715 391 1748 nec
405 1697 488 1748 minus
500 1715 563 1765 ager
576 1696 630 1748 lino
644 1697 819 1748 conserendus
830 1695 940 1764 indiget.
977 1695 1064 1746 ratris
1075 1697 1153 1746 Men·-

31 1765 70 1816 tel.
84 1785 100 1816 a
119 1785 154 1818 m.
176 1784 216 1834 pr.
253 1767 384 1835 (aratris,
408 1766 482 1834 prior
501 1777 557 1830 est,
581 1767 683 1817 rastris
699 1765 782 1816 altera
802 1765 882 1818 lectio
896 1763 1023 1826 Medicei3
1048 1766 1154 1816 aratris

31 1835 101 1885 etiam
116 1837 140 1889 2
156 1837 185 1890 ⁵.
199 1838 225 1890 7.
240 1838 265 1891 8.
301 1835 404 1888 Vitiosa
421 1836 530 1888 lrleutel.
550 1835 631 1886 lectio
651 1835 738 1886 mendi
758 1835 861 1886 videtur
878 1833 1006 1902 originem
1022 1833 1152 1896 iudicare,

30 1903 107 1955 lraudi
119 1906 172 1956 luit
188 1905 304 1957 elideudi
316 1905 395 1957 ratio.
417 1906 488 1972 Wr.)
524 1907 604 1958 humo
621 1917 662 1955 est
677 1917 770 1975 tegere
784 1903 883 1956 Zulicb.
919 1916 947 1955 et
963 1903 1066 1954 dudum
1081 1903 1152 1954 idem

30 1977 190 2026 cambloret.
203 1993 247 2044 qa.
317 1975 370 2029 215
387 1978 458 2028 satio
475 1979 627 2028 eatseneoa
641 1973 768 2042 epist-86
782 1973 940 2026 etParrhas.
970 1972 1151 2026 eurnteidera

31 2053 52 2092 et
65 2043 137 2096 Toll.
175 2056 283 2096 tenete
296 2048 395 2098 Seneca
410 2044 474 2096 ibid.

28 2201 155 2260 nubibus
167 2201 305 2261 nondum
316 2201 348 2260 in
360 2201 471 2261 imbres
486 2201 569 2262 solu·
610 2203 668 2263 seri
680 2199 777 2276 iubet,
804 2199 1063 2278 Oricwnpadame
1081 2199 1151 2258 Ila-

28 2287 67 2344 tis.
109 2287 231 2346 Laudat
252 2307 377 2364 tersum
400 2287 515 2348 Colum.
532 2287 568 2364 II,
610 2287 671 2346 liae
682 2289 758 2360 ritu,
782 2285 889 2361 XVIII,
908 2289 957 2361 12,
975 2289 1027 2360 80,
1041 2285 1150 2364 p.115.
1276 2301 1278 2304 '

27 2375 96 2446 8,3.
610 2372 671 2430 Sed
682 2391 771 2448 quam
790 2370 891 2446 varie,
914 2391 1003 2448 quam
1023 2369 1150 2448 copiose,

63 2459 260 2524 216-218.
281 2457 478 2520 Vereaerltur
491 2457 568 2533 faba,
611 2457 723 2516 extulit
735 2455 850 2534 ringula
864 2454 939 2514 baec
956 2456 1060 2535 poeta!
1086 2477 1151 2531 pu-

26 2563 46 2600 a.
67 2545 237 2622 legumina,
260 2545 376 2604 medica
397 2553 427 2601 et
445 2543 568 2605 milium.
611 2555 668 2600 tres
686 2542 775 2616 sulci,
800 2540 902 2600 lractis
916 2549 947 2598 et
961 2539 1151 2599 comminutis

28 2631 171 2705 dioclien,
195 2629 289 2689 herba
305 2628 427 2688 abledis
442 2628 568 2687 advecta
611 2627 717 2686 crebra
744 2626 878 2685 aratione
894 2669 902 2698 ,
936 2613 1151 2684 stercoratione

26 2733 74 2792 per
100 2716 183 2774 bella
206 2717 365 2776 Persarum
390 2715 510 2773 Graecia
529 2714 568 2774 il-
611 2721 642 2772 et
662 2711 780 2790 frigoris
800 2709 977 2790 penetrabili
998 2709 1030 2768 vi
1052 2709 1151 2788 glebis.

26 2801 100 2876 lata,
130 2801 235 2880 pabuli
255 2822 347 2881 genus
370 2799 568 2880 praestantis·
610 2819 640 2858 v.
662 2799 716 2856 Ge.
735 2797 772 2872 II,
792 2795 855 2860 204
879 2803 907 2854 et
921 2795 958 2878 al.
978 2793 1150 2869 Columll,

25 2887 86 2945 simi
96 2909 105 2960 3
117 2887 265 2946 vidPlin.
278 2885 442 2960 111111118-
457 2886 567 2946 Strabo
612 2887 662 2958 11,
676 2887 695 2946 8
718 2885 855 2956 Locum,
880 2885 981 2960 inquo
993 2881 1151 2940 Medicam

25 2971 73 3031 lib.
86 2972 142 3047 Xl,
158 2993 188 3051 p.
198 2977 262 3038 796
277 2973 323 3048 C.;
344 2982 483 3031 nostrum
498 2975 567 3029 Lu·
607 2971 746 3048 proximo
771 2989 835 3028 vera
857 2977 976 3024 saturus
997 2988 1049 3040 es,
1075 2987 1150 3043 pro-

24 3079 116 3116 aeme.
136 3078 168 3117 v.
186 3057 299 3118 blillers
314 3058 491 3118 Gardener'e
504 3059 568 3115 Di-
610 3054 735 3113 scirdr'to
748 3057 828 3114 circa
844 3051 992 3110 Calendas
1008 3051 1150 3128 Octobres,

22 3149 158 3222 cubnary
180 3141 211 3202 h.
224 3165 254 3203 v.
276 3153 306 3202 et
326 3153 464 3202 auctores
478 3143 568 3200 bota-
611 3152 639 3198 et
651 3159 718 3198 earn
731 3151 793 3198 tota
815 3137 911 3196 hiem
925 3150 1091 3216 putrescere
1105 3140 1150 3194 si-

22 3233 126 3303 nices,
161 3229 298 3309 inprimis
337 3228 494 3288 IIulleium
531 3227 568 3285 de
610 3228 684 3284 nito.
728 3226 858 3284 Milium
878 3243 940 3284 non
958 3243 1029 3284 vere
1044 3223 1147 3296 modo,

21 3315 134 3392 plantis
155 3315 352 3394 pabularibus
376 3336 406 3394 p.
422 3315 465 3390 II,
486 3313 521 3372 T.
545 3313 568 3372 I.
611 3310 708 3390 sedet
729 3319 841 3368 aestate
863 3307 1011 3390 (bociam
1027 3307 1150 3367 Hesiodi

23 3401 99 3458 Nor.
110 3399 278 3462 (omnent.
291 3403 357 3460 Soc.
371 3401 504 3478 Gotting.
516 3398 569 3456 Est
610 3405 723 3472 aetate,
746 3415 834 3474 quem
846 3394 907 3454 rid.
923 3396 955 3454 in
968 3395 1069 3474 Clipea
1078 3395 1149 3456 398.
1257 3459 1263 3482 Ι

22 3485 104 3544 idem
125 3479 275 3550 ω’κύθοον
297 3485 474 3566 τριπέτηλον
487 3482 569 3563 apud
611 3477 1150 3564 3991111151.εονὼηυηυηᾱεω.

21 3569 197 3632 callimach.
221 3573 253 3632 in
274 3573 359 3630 Dian.
375 3572 446 3646 165,
465 3571 519 3630 ubi
532 3569 569 3629 cI.
608 3568 723 3628 lamnia
736 3571 862 3626 Senecae
878 3567 969 3646 Epist.
986 3561 1149 3638 LXXXVI,

22 3655 137 3734 Spanb.
188 3658 259 3718 liius
286 3657 352 3717 laus
375 3667 406 3716 et
426 3675 498 3715 cura
521 3675 567 3734 ap.
612 3653 649 3712 de
666 3673 726 3731 qua
744 3653 806 3714 vid.
827 3651 923 3711 Corda
943 3660 974 3708 et
992 3648 1149 3708 Martinus.

22 3743 140 3802 Colum.
168 3743 214 3818 Il,
241 3747 296 3818 11,
325 3739 399 3822 12.
443 3741 565 3816 Fabae,
610 3739 686 3800 Vere
700 3748 801 3798 nmen
816 3735 1052 3796 commodissima
1064 3733 1149 3809 satio,

23 3829 111 3886 casius
124 3827 278 3888 diversum
293 3839 422 3888 anostra
435 3827 503 3887 laba
516 3846 569 3906 ge-
610 3825 673 3884 vid.
689 3825 803 3886 Colum.
820 3823 857 3898 Il,
873 3827 903 3897 9,
922 3825 970 3884 18.
993 3819 1046 3894 XI,
1058 3822 1088 3893 2,
1098 3821 1148 3881 88.

23 3935 98 3988 nas,
129 3925 160 3972 et
183 3914 351 3974 rotundum
379 3935 414 3972 ac
439 3931 569 3993 parrum
609 3911 722 3970 Pallad.
749 3909 807 3983 IV,
826 3908 874 3967 tit.
892 3910 921 3970 8.
950 3905 1082 3983 Geopon.
1105 3903 1148 3978 II,

24 3999 162 4076 legumen
182 4000 335 4058 veteribus
356 3999 388 4058 in
412 4019 471 4058 usu
493 4006 567 4058 erat.
611 3999 662 4060 88.
684 3997 767 4054 milio
781 3996 861 4053 veru‘t
875 4011 1063 4050 mutuarum
1075 4007 1147 4068 poe-

24 4085 87 4142 sid.
108 4085 202 4144 Indic.
224 4087 345 4165 Scriptt„
363 4087 407 4144 R.
426 4087 480 4160 R.;
505 4103 569 4144 non
610 4081 671 4140 tica
692 4081 776 4160 copia
799 4078 913 4137 dictum
939 4075 1058 4152 quidem
1084 4095 1148 4154 pro,

25 4169 106 4228 idem
134 4170 272 4230 omm'bus
296 4169 414 4230 serendi
440 4179 569 4250 tempus,
611 4166 726 4226 milium
747 4165 865 4223 seritur.
883 4181 913 4222 v.
938 4161 1052 4220 Colum.
1071 4161 1149 4236 11‚9

25 4255 161 4334 inprimis
183 4257 206 4316 si
229 4256 424 4316 Columellam
449 4255 501 4315 lib.
525 4255 569 4330 II,
612 4251 782 4312 ext1·.Plin.
799 4247 912 4324 XVIII,
932 4251 991 4324 26,
1017 4255 1087 4305 sect.
1108 4249 1149 4309 66

26 4359 54 4396 c.
81 4337 183 4421 10,1.
206 4345 226 4406 9
254 4361 416 4422 oompares.
458 4341 571 4404 Varum
613 4348 707 4414 extr.;
738 4333 791 4394 scd
810 4355 880 4394 cum
896 4342 1035 4415 respectu
1053 4330 1149 4390 modi-

27 4423 162 4486 Plinias:
195 4429 344 4508 Virgilius
364 4447 432 4504 eom
448 4447 507 4506 per
522 4447 573 4487 ver
615 4443 682 4500 cae,
711 4439 788 4502 quae
812 4439 852 4482 ax
881 4439 943 4480 uno
970 4427 1039 4479 satu
1065 4415 1150 4477 denis
