2654 5000
202 368 251 442 24
387 363 635 440 SP'OHNH
673 359 1133 438 PROLEGOMENA

201 549 467 625 mosissimum
488 572 677 648 puerum,
708 571 841 647 neque
862 547 994 622 minus
1023 543 1150 624 felicis
1171 546 1316 644 ingenili

202 653 455 752 praestantia,
483 675 619 752 ,quam
644 651 820 750 corporis
850 647 1098 731 formositate
1127 648 1316 730 excelleo,

204 768 303 851 tem,
351 753 525 838 Pollioni
555 753 700 853 pocula
731 753 1021 838 ministrantem
1056 765 1316 852 conspexeram

203 857 303 932 adeo
331 870 423 934 euni
447 856 659 948 admiratus
678 869 747 952 est,
772 869 818 932 ut
839 869 1001 957 poetam
1021 855 1142 959 plane
1165 867 1297 954 captum
1311 895 1316 940 p

202 983 339 1036 amore
368 961 483 1060 pueri
518 960 682 1044 sentiret
709 957 849 1056 Pollio,
900 959 1104 1056 Virgilius,
1144 969 1189 1032 ut
1215 981 1297 1050 enm,
1312 979 1316 1030 '2

204 1089 324 1166 quern
343 1063 504 1162 diligere
531 1067 726 1162 coeperat,
754 1060 803 1136 ad
816 1061 876 1138 sui
889 1061 1209 1150 benevolentiam
1227 1085 1316 1159 pera

202 1181 400 1256 moveret,
452 1189 609 1242 carmen
631 1165 854 1267 composuit
870 1165 921 1240 ·in
945 1166 1027 1255 eius
1050 1161 1204 1258 laudes,
1239 1187 1295 1262 qna

203 1295 246 1345 re
269 1284 308 1348 et
328 1269 535 1366 Pollioni„
557 1267 624 1369 qui
647 1267 725 1342 hoc
756 1280 976 1368 optaverat,
1020 1263 1218 1348 satisfecit,
1255 1269 1316 1356 lta,

204 1388 336 1455 autem
358 1372 721 1474 illudtemperavit,
746 1385 792 1446 ut
806 1388 852 1448 ex
866 1369 1069 1466 Theocriti
1087 1367 1294 1446 carminibus
1315 1423 1316 1462 ,

201 1475 394 1578 pleraque
416 1487 634 1577 repeteret,
671 1499 844 1576 quorum
867 1473 1018 1566 assidua
1046 1473 1214 1550 lectione
1235 1471 1294 1543 ani·
1311 1521 1316 1566 1,

202 1605 316 1654 mum
335 1577 584 1656 formaverat
639 1580 690 1653 Se
717 1574 882 1680 quidem
899 1575 1134 1674 Corydonis,
1159 1574 1293 1651 Alexan·
1313 1635 1316 1658 a,

177 1682 324 1758 .drum
344 1683 472 1758 Alexis
495 1681 660 1778 nomine
693 1695 927 1784 personatos
952 1679 1177 1770 introduxit
1218 1681 1316 1777 Fue,

202 1797 295 1860 runt
313 1785 478 1886 quidem
499 1783 627 1882 multi,
655 1785 722 1886 qui
738 1783 817 1861 hoc
833 1773 1040 1882 negarent3
1068 1776 1140 1859 se'd
1162 1795 1292 1856 temen.
1314 1875 1316 1877 p

167 1930 170 1942 ·
202 1887 346 1966 Nititur
379 1890 485 1968 enirn
514 1912 560 1962 ea
590 1912 655 1964 res
681 1885 909 1979 testimonio
945 1888 1092 1964 Donati
1125 1889 1154 1987 ᾗ.
1181 1892 1233 1964 20.
1250 1887 1291 1956 st.

205 1993 328 2066 Servii
353 1989 402 2068 ad
424 1990 508 2070 Ecl.
533 1993 587 2086 ll,
618 2000 650 2072 1.
676 2004 719 2066 et
744 1995 802 2070 15.
853 1989 1038 2068 Martialis
1060 1995 1117 2088 V,
1153 1995 1206 2066 16.
1231 1983 1290 2073 Vll
1315 2047 1316 2088 3

203 2103 263 2174 26.
289 2099 393 2192 VIII,
417 2098 477 2174 56.
503 2092 655 2194 Apulei.
669 2093 836 2194 apolog.
849 2121 886 2194 p.
904 2103 991 2174 279.
1016 2089 1198 2170 Elmenh.
1220 2093 1291 2163 Pro·
1309 2149 1316 2192 a,

202 2210 301 2296 pert..
318 2201 368 2295 ll,
387 2191 464 2295 st,
490 2205 637 2300 tssqa
666 2211 705 2272 et
728 2198 812 2296 ipse
831 2199 1014 2272 Horatius
1037 2194 1210 2297 quodam
1226 2190 1290 2264 loco
1315 2253 1316 2294 ,

202 2300 338 2400 Epistt
372 2301 453 2382 huc
486 2301 701 2402 respexisse
741 2299 907 2386 ridetur.
968 2304 1081 2394 Quae
1113 2319 1227 2400 quum
1255 2292 1316 2400 ita,

203 2404 299 2497 sint,
327 2405 396 2504 qui
419 2418 622 2502 negarunt,
649 2415 716 2478 aut
735 2401 883 2485 horum
902 2403 1225 2491 testimoniorum,
1246 2404 1290 2468 aut
1311 2469 1312 2474 a

203 2505 365 2582 illenim
386 2505 616 2608 temporum
632 2501 873 2607 morumque
889 2519 1000 2582 erant
1014 2505 1147 2603 ignari.
1173 2493 1288 2596 Quodsi
1315 2567 1316 2606 3

204 2610 291 2710 quis
320 2606 437 2684 etiam
471 2610 634 2708 cognitis
666 2609 773 2684 hisce
796 2631 940 2708 negare
966 2607 1156 2704 voluerit,
1192 2599 1289 2678 rideat

204 2713 253 2806 is,
298 2711 395 2813 quid
427 2709 496 2786 fiat
532 2713 655 2786 veteri
686 2711 869 2790 historia,
920 2711 1162 2788 Testimonia
1189 2717 1288 2782 auten

204 2828 308 2891 certa
331 2815 362 2889 si
390 2821 498 2912 sunt,
534 2813 671 2890 haberi
693 2815 845 2892 debent
867 2829 992 2912 certa,
1032 2829 1073 2891 et
1100 2839 1145 2890 ex
1164 2811 1204 2886 iis
1220 2826 1288 2881 con·
1315 2877 1316 2904 ,

203 2916 398 2994 stituenda
421 2931 479 2994 est
504 2917 685 3009 historia3
712 2917 824 3020 quod
847 2921 916 3021 qui
943 2917 1130 3014 noluerit,
1155 2913 1288 3011 figmen-
1315 2989 1316 3002 ,

202 3033 289 3095 tum
321 3021 453 3119 potius
484 3021 630 3120 ingenii
656 3022 735 3118 sui,
779 3035 886 3101 certe
916 3021 1153 3124 antiquitatis
1187 3031 1316 3110 veram,

203 3119 384 3196 indolem
413 3147 496 3198 non
529 3123 744 3224 explicabit.
796 3130 938 3227 Neque
968 3150 1063 3200 vero
1099 3127 1139 3200 in
1163 3117 1232 3207 ulla
1249 3134 1287 3200 re,

204 3247 306 3324 quae
339 3223 390 3300 ad
413 3227 685 3327 antiquitatem
713 3225 986 3304 illustrandam
1006 3223 1119 3324 facit,
1160 3223 1237 3298 licet
1257 3235 1285 3285 tt
1315 3297 1316 3312 ,

203 3339 357 3402 tantum
380 3327 642 3432 depromere,
686 3355 788 3432 quae
808 3345 1078 3431 exspectemus
1102 3343 1141 3406 et
1162 3331 1285 3419 erople-
1315 3387 1316 3428 ζ

202 3454 313 3526 mus,
364 3455 515 3533 quaeve
543 3445 650 3530 grata
678 3433 756 3508 sint
788 3433 954 3516 etcum
998 3435 1043 3510 iis
1081 3426 1316 3509 conveniant„

204 3559 306 3635 quae
335 3549 623 3636 praeconcepta
654 3537 845 3636 opinione
873 3537 990 3613 nobis
1011 3535 1203 3619 finximus3
1236 3513 1285 3595 sed

205 3661 331 3738 quum
348 3637 389 3714 id
402 3663 529 3716 unum
553 3662 668 3737 agere
686 3638 913 3738 debeamus,
938 3654 983 3716 ut
996 3643 1194 3717 veritatem
1206 3631 1283 3704 inre-
1315 3701 1316 3704 ,

204 3742 376 3841 niamus,
415 3755 510 3820 tunc
544 3767 708 3922 quoque
741 3741 876 3822 officio
903 3742 1041 3820 deesse
1073 3767 1154 3820 non
1180 3747 1284 3844 pOSSPJ
1315 3827 1316 3836 χ

204 3865 313 3938 mus,
362 3845 522 3950 quando
585 3869 653 3922 aec
687 3847 818 3922 minus
849 3860 955 3944 grata
986 3846 1141 3925 videtur
1169 3849 1282 3916 eronn
1315 3903 1316 3942 ἦ

205 3946 326 4037 Quod
341 3963 474 4024 autem
489 3947 582 4024 inde
597 3949 636 4024 in
650 3949 799 4047 Virgilii
813 3975 947 4026 mores
962 3949 1166 4040 redundat,
1181 3937 1282 4016 etiarn-

205 4047 235 4120 si
259 4048 385 4126 vitiosi
408 4048 711 4154 quodammodo
733 4049 892 4146 fuerint,
918 4077 1001 4128 non
1024 4066 1082 4128 est
1103 4037 1281 4127 celandum·

202 4154 306 4234 Nam
327 4151 359 4226 si
381 4151 566 4253 fuissent,
593 4177 675 4230 non
697 4167 779 4229 tam
801 4157 920 4256 ipsius
943 4157 1013 4232 viri
1036 4138 1165 4256 culpa,
1193 4153 1280 4258 quan
1315 4205 1316 4240 ,

204 4265 434 4354 temporum
465 4259 669 4361 iniquitate
690 4255 857 4334 luissent
874 4259 1077 4362 inquinati.
1125 4257 1279 4332 Mense·

204 4355 326 4432 rimus
365 4355 434 4434 illo
474 4387 570 4437 aevo
605 4361 807 4438 Romanos
842 4364 920 4438 iam
956 4361 1110 4464 pridem
1146 4343 1279 4449 apriscs
1315 4391 1316 4440 ς
