<?xml version="1.0" encoding="UTF-8"?>
<!DOCTYPE html PUBLIC "-//W3C//DTD XHTML 1.0 Transitional//EN"
    "http://www.w3.org/TR/xhtml1/DTD/xhtml1-transitional.dtd">
<html xmlns="http://www.w3.org/1999/xhtml" xml:lang="en" lang="en">
 <head>
  <title>
</title>
<meta http-equiv="Content-Type" content="text/html;charset=utf-8" />
  <meta name='ocr-system' content='tesseract 3.04.00' />
  <meta name='ocr-capabilities' content='ocr_page ocr_carea ocr_par ocr_line ocrx_word'/>
</head>
<body>
  <div class='ocr_page' id='page_1' title='image "./publiusvirgiliu00virggoog/publiusvirgiliu00virggoog_0099.png"; bbox 0 0 2710 4998; ppageno 0'>
   <div class='ocr_carea' id='block_1_1' title="bbox 244 364 1040 442">
    <p class='ocr_par' dir='ltr' id='par_1_1' title="bbox 244 364 1040 442">
     <span class='ocr_line' id='line_1_1' title="bbox 244 364 1040 442; baseline -0.001 -2"><span class='ocrx_word' id='word_1_1' title='bbox 244 388 323 441; x_wconf 78' lang='lat' dir='ltr'><strong>acu</strong></span> <span class='ocrx_word' id='word_1_2' title='bbox 549 365 657 442; x_wconf 89' lang='grc' dir='ltr'><strong>ΤΙΒ.</strong></span> <span class='ocrx_word' id='word_1_3' title='bbox 692 365 770 441; x_wconf 90' lang='lat' dir='ltr'><strong>CL.</strong></span> <span class='ocrx_word' id='word_1_4' title='bbox 803 364 1040 442; x_wconf 84' lang='lat' dir='ltr'><strong>DONATI</strong></span> 
     </span>
    </p>
   </div>
   <div class='ocr_carea' id='block_1_2' title="bbox 146 553 1339 1756">
    <p class='ocr_par' dir='ltr' id='par_1_2' title="bbox 146 553 1339 1756">
     <span class='ocr_line' id='line_1_2' title="bbox 248 553 1339 634; baseline 0.001 -17"><span class='ocrx_word' id='word_1_5' title='bbox 248 557 423 617; x_wconf 77' lang='lat' dir='ltr'><strong>citarentur.</strong></span> <span class='ocrx_word' id='word_1_6' title='bbox 467 553 509 614; x_wconf 79' lang='lat' dir='ltr'><strong>At</strong></span> <span class='ocrx_word' id='word_1_7' title='bbox 522 575 590 616; x_wconf 86' lang='lat' dir='ltr'><strong>cum</strong></span> <span class='ocrx_word' id='word_1_8' title='bbox 605 555 708 616; x_wconf 87' lang='lat' dir='ltr'><strong>Cicero</strong></span> <span class='ocrx_word' id='word_1_9' title='bbox 719 557 865 634; x_wconf 85' lang='lat' dir='ltr'><strong>quosdam</strong></span> <span class='ocrx_word' id='word_1_10' title='bbox 877 575 984 617; x_wconf 82' lang='lat' dir='ltr'><strong>versus</strong></span> <span class='ocrx_word' id='word_1_11' title='bbox 995 556 1134 633; x_wconf 76' lang='lat' dir='ltr'><strong>audisset,</strong></span> <span class='ocrx_word' id='word_1_12' title='bbox 1157 567 1190 616; x_wconf 86' lang='lat' dir='ltr'><strong>et</strong></span> <span class='ocrx_word' id='word_1_13' title='bbox 1202 557 1339 618; x_wconf 72' lang='lat' dir='ltr'><strong>rutinae</strong></span> 
     </span>
     <span class='ocr_line' id='line_1_3' title="bbox 246 641 1339 718; baseline -0.002 -14"><span class='ocrx_word' id='word_1_14' title='bbox 246 641 357 704; x_wconf 90' lang='lat' dir='ltr'><strong>iudicio</strong></span> <span class='ocrx_word' id='word_1_15' title='bbox 377 641 572 702; x_wconf 74' lang='lat' dir='ltr'><strong>intellexisset</strong></span> <span class='ocrx_word' id='word_1_16' title='bbox 595 662 655 702; x_wconf 89' lang='lat' dir='ltr'><strong>non</strong></span> <span class='ocrx_word' id='word_1_17' title='bbox 671 643 822 702; x_wconf 88' lang='lat' dir='ltr'><strong>communi</strong></span> <span class='ocrx_word' id='word_1_18' title='bbox 840 662 918 702; x_wconf 83' lang='lat' dir='ltr'><strong>vena</strong></span> <span class='ocrx_word' id='word_1_19' title='bbox 936 643 1046 718; x_wconf 86' lang='lat' dir='ltr'><strong>editos,</strong></span> <span class='ocrx_word' id='word_1_20' title='bbox 1068 643 1155 702; x_wconf 88' lang='lat' dir='ltr'><strong>iussit</strong></span> <span class='ocrx_word' id='word_1_21' title='bbox 1171 643 1210 702; x_wconf 87' lang='lat' dir='ltr'><strong>ab</strong></span> <span class='ocrx_word' id='word_1_22' title='bbox 1223 644 1303 702; x_wconf 88' lang='lat' dir='ltr'><strong>initio</strong></span> <span class='ocrx_word' id='word_1_23' title='bbox 1315 654 1339 702; x_wconf 89' lang='lat' dir='ltr'><strong>to</strong></span> 
     </span>
     <span class='ocr_line' id='line_1_4' title="bbox 248 727 1339 809; baseline -0.001 -20"><span class='ocrx_word' id='word_1_24' title='bbox 248 739 313 789; x_wconf 85' lang='lat' dir='ltr'><strong>tam</strong></span> <span class='ocrx_word' id='word_1_25' title='bbox 324 729 455 806; x_wconf 83' lang='lat' dir='ltr'><strong>eclogem</strong></span> <span class='ocrx_word' id='word_1_26' title='bbox 470 727 605 787; x_wconf 84' lang='lat' dir='ltr'><strong>recitari:</strong></span> <span class='ocrx_word' id='word_1_27' title='bbox 627 747 716 806; x_wconf 86' lang='lat' dir='ltr'><strong>quam</strong></span> <span class='ocrx_word' id='word_1_28' title='bbox 734 747 800 786; x_wconf 87' lang='lat' dir='ltr'><strong>cum</strong></span> <span class='ocrx_word' id='word_1_29' title='bbox 816 739 955 788; x_wconf 88' lang='lat' dir='ltr'><strong>accurate</strong></span> <span class='ocrx_word' id='word_1_30' title='bbox 967 739 1170 809; x_wconf 78' lang='lat' dir='ltr'><strong>pernotasset,</strong></span> <span class='ocrx_word' id='word_1_31' title='bbox 1201 730 1232 788; x_wconf 93' lang='lat' dir='ltr'><strong>in</strong></span> <span class='ocrx_word' id='word_1_32' title='bbox 1246 730 1301 788; x_wconf 87' lang='lat' dir='ltr'><strong>fine</strong></span> <span class='ocrx_word' id='word_1_33' title='bbox 1312 731 1339 788; x_wconf 81' lang='lat' dir='ltr'><strong>ait</strong></span> 
     </span>
     <span class='ocr_line' id='line_1_5' title="bbox 248 815 1339 896; baseline -0.002 -22"><span class='ocrx_word' id='word_1_34' title='bbox 248 818 393 894; x_wconf 81' lang='lat' dir='ltr'><strong>Magnae</strong></span> <span class='ocrx_word' id='word_1_35' title='bbox 419 835 488 892; x_wconf 84' lang='lat' dir='ltr'><strong>apes</strong></span> <span class='ocrx_word' id='word_1_36' title='bbox 515 815 611 873; x_wconf 84' lang='lat' dir='ltr'><strong>altera</strong></span> <span class='ocrx_word' id='word_1_37' title='bbox 634 816 762 873; x_wconf 83' lang='lat' dir='ltr'><strong>Romae.</strong></span> <span class='ocrx_word' id='word_1_38' title='bbox 815 815 908 888; x_wconf 87' lang='lat' dir='ltr'><strong>Quasi</strong></span> <span class='ocrx_word' id='word_1_39' title='bbox 929 815 991 896; x_wconf 88' lang='lat' dir='ltr'><strong>ipse</strong></span> <span class='ocrx_word' id='word_1_40' title='bbox 1014 815 1131 894; x_wconf 81' lang='lat' dir='ltr'><strong>linguae</strong></span> <span class='ocrx_word' id='word_1_41' title='bbox 1154 816 1278 874; x_wconf 76' lang='lat' dir='ltr'><strong>Latinae</strong></span> <span class='ocrx_word' id='word_1_42' title='bbox 1303 835 1339 894; x_wconf 85' lang='lat' dir='ltr'><strong>spe</strong></span> 
     </span>
     <span class='ocr_line' id='line_1_6' title="bbox 247 899 1339 981; baseline 0 -21"><span class='ocrx_word' id='word_1_43' title='bbox 247 901 344 981; x_wconf 88' lang='lat' dir='ltr'><strong>prima</strong></span> <span class='ocrx_word' id='word_1_44' title='bbox 363 900 532 974; x_wconf 87' lang='lat' dir='ltr'><strong>suisset,-et</strong></span> <span class='ocrx_word' id='word_1_45' title='bbox 544 899 629 958; x_wconf 87' lang='lat' dir='ltr'><strong>Maro</strong></span> <span class='ocrx_word' id='word_1_46' title='bbox 650 901 772 960; x_wconf 85' lang='lat' dir='ltr'><strong>Iuturna</strong></span> <span class='ocrx_word' id='word_1_47' title='bbox 790 909 865 958; x_wconf 86' lang='lat' dir='ltr'><strong>esset</strong></span> <span class='ocrx_word' id='word_1_48' title='bbox 877 901 1017 960; x_wconf 84' lang='lat' dir='ltr'><strong>secunda.</strong></span> <span class='ocrx_word' id='word_1_49' title='bbox 1060 901 1146 975; x_wconf 89' lang='lat' dir='ltr'><strong>Quae</strong></span> <span class='ocrx_word' id='word_1_50' title='bbox 1166 901 1260 962; x_wconf 87' lang='lat' dir='ltr'><strong>verba</strong></span> <span class='ocrx_word' id='word_1_51' title='bbox 1271 911 1339 981; x_wconf 83' lang='lat' dir='ltr'><strong>posta</strong></span> 
     </span>
     <span class='ocr_line' id='line_1_7' title="bbox 203 983 1339 1066; baseline 0.002 -20"><span class='ocrx_word' id='word_1_52' title='bbox 203 983 373 1046; x_wconf 55' lang='lat' dir='ltr'><strong>&amp;Aeneidi</strong></span> <span class='ocrx_word' id='word_1_53' title='bbox 391 986 454 1066; x_wconf 85' lang='lat' dir='ltr'><strong>ipse</strong></span> <span class='ocrx_word' id='word_1_54' title='bbox 476 985 611 1046; x_wconf 87' lang='lat' dir='ltr'><strong>inseruit.</strong></span> <span class='ocrx_word' id='word_1_55' title='bbox 655 985 813 1066; x_wconf 85' lang='lat' dir='ltr'><strong>Georgica,</strong></span> <span class='ocrx_word' id='word_1_56' title='bbox 835 1007 954 1046; x_wconf 86' lang='lat' dir='ltr'><strong>reverso</strong></span> <span class='ocrx_word' id='word_1_57' title='bbox 979 987 1016 1046; x_wconf 88' lang='lat' dir='ltr'><strong>ab</strong></span> <span class='ocrx_word' id='word_1_58' title='bbox 1031 986 1153 1047; x_wconf 82' lang='lat' dir='ltr'><strong>Actiaca</strong></span> <span class='ocrx_word' id='word_1_59' title='bbox 1166 986 1339 1048; x_wconf 73' lang='lat' dir='ltr'><strong>victoriato</strong></span> 
     </span>
     <span class='ocr_line' id='line_1_8' title="bbox 247 1070 1339 1152; baseline 0.002 -20"><span class='ocrx_word' id='word_1_60' title='bbox 247 1082 353 1152; x_wconf 87' lang='lat' dir='ltr'><strong>gusto,</strong></span> <span class='ocrx_word' id='word_1_61' title='bbox 382 1080 471 1150; x_wconf 83' lang='lat' dir='ltr'><strong>atque</strong></span> <span class='ocrx_word' id='word_1_62' title='bbox 491 1071 721 1131; x_wconf 87' lang='lat' dir='ltr'><strong>reficiendarum</strong></span> <span class='ocrx_word' id='word_1_63' title='bbox 743 1073 875 1131; x_wconf 84' lang='lat' dir='ltr'><strong>saucium</strong></span> <span class='ocrx_word' id='word_1_64' title='bbox 906 1093 994 1131; x_wconf 89' lang='lat' dir='ltr'><strong>causa</strong></span> <span class='ocrx_word' id='word_1_65' title='bbox 1021 1070 1137 1132; x_wconf 76' lang='lat' dir='ltr'><strong>Atellae</strong></span> <span class='ocrx_word' id='word_1_66' title='bbox 1164 1083 1339 1134; x_wconf 82' lang='lat' dir='ltr'><strong>commorant</strong></span> 
     </span>
     <span class='ocr_line' id='line_1_9' title="bbox 246 1157 1339 1240; baseline 0 -22"><span class='ocrx_word' id='word_1_67' title='bbox 246 1178 301 1240; x_wconf 90' lang='lat' dir='ltr'><strong>per</strong></span> <span class='ocrx_word' id='word_1_68' title='bbox 314 1158 493 1218; x_wconf 87' lang='lat' dir='ltr'><strong>continuum</strong></span> <span class='ocrx_word' id='word_1_69' title='bbox 507 1157 704 1236; x_wconf 81' lang='lat' dir='ltr'><strong>quatriduum</strong></span> <span class='ocrx_word' id='word_1_70' title='bbox 715 1158 800 1237; x_wconf 90' lang='lat' dir='ltr'><strong>legit,</strong></span> <span class='ocrx_word' id='word_1_71' title='bbox 823 1157 1000 1238; x_wconf 82' lang='lat' dir='ltr'><strong>suscipiente</strong></span> <span class='ocrx_word' id='word_1_72' title='bbox 1012 1157 1185 1220; x_wconf 83' lang='lat' dir='ltr'><strong>Maecenate</strong></span> <span class='ocrx_word' id='word_1_73' title='bbox 1194 1159 1339 1239; x_wconf 71' lang='lat' dir='ltr'><strong>legendisi</strong></span> 
     </span>
     <span class='ocr_line' id='line_1_10' title="bbox 146 1243 1339 1324; baseline -0.003 -18"><span class='ocrx_word' id='word_1_74' title='bbox 146 1289 152 1298; x_wconf 78' lang='lat'><strong>·</strong></span> <span class='ocrx_word' id='word_1_75' title='bbox 204 1249 328 1322; x_wconf 58' lang='lat' dir='ltr'><strong>worm,</strong></span> <span class='ocrx_word' id='word_1_76' title='bbox 351 1244 469 1324; x_wconf 89' lang='lat' dir='ltr'><strong>quoties</strong></span> <span class='ocrx_word' id='word_1_77' title='bbox 487 1243 729 1324; x_wconf 85' lang='lat' dir='ltr'><strong>interpellaretur</strong></span> <span class='ocrx_word' id='word_1_78' title='bbox 754 1243 815 1324; x_wconf 90' lang='lat' dir='ltr'><strong>ipse</strong></span> <span class='ocrx_word' id='word_1_79' title='bbox 835 1244 917 1304; x_wconf 77' lang='lat' dir='ltr'><strong>uocis</strong></span> <span class='ocrx_word' id='word_1_80' title='bbox 941 1243 1110 1306; x_wconf 80' lang='lat' dir='ltr'><strong>offensione.</strong></span> <span class='ocrx_word' id='word_1_81' title='bbox 1152 1245 1339 1305; x_wconf 82' lang='lat' dir='ltr'><strong>Pronuntiuba</strong></span> 
     </span>
     <span class='ocr_line' id='line_1_11' title="bbox 204 1330 1339 1404; baseline -0.006 -10"><span class='ocrx_word' id='word_1_82' title='bbox 204 1336 351 1394; x_wconf 73' lang='lat' dir='ltr'><strong>tlautem</strong></span> <span class='ocrx_word' id='word_1_83' title='bbox 370 1330 502 1390; x_wconf 82' lang='lat' dir='ltr'><strong>maxima</strong></span> <span class='ocrx_word' id='word_1_84' title='bbox 523 1349 593 1389; x_wconf 86' lang='lat' dir='ltr'><strong>cum</strong></span> <span class='ocrx_word' id='word_1_85' title='bbox 612 1330 775 1404; x_wconf 84' lang='lat' dir='ltr'><strong>suavitate,</strong></span> <span class='ocrx_word' id='word_1_86' title='bbox 797 1339 828 1388; x_wconf 86' lang='lat' dir='ltr'><strong>et</strong></span> <span class='ocrx_word' id='word_1_87' title='bbox 847 1330 1001 1389; x_wconf 89' lang='lat' dir='ltr'><strong>lenociniis</strong></span> <span class='ocrx_word' id='word_1_88' title='bbox 1011 1331 1103 1392; x_wconf 87' lang='lat' dir='ltr'><strong>miris.</strong></span> <span class='ocrx_word' id='word_1_89' title='bbox 1147 1334 1259 1391; x_wconf 80' lang='lat' dir='ltr'><strong>Seneca</strong></span> <span class='ocrx_word' id='word_1_90' title='bbox 1272 1331 1339 1390; x_wconf 85' lang='lat' dir='ltr'><strong>tradi</strong></span> 
     </span>
     <span class='ocr_line' id='line_1_12' title="bbox 247 1415 1339 1497; baseline -0.005 -19"><span class='ocrx_word' id='word_1_91' title='bbox 247 1417 307 1494; x_wconf 89' lang='lat' dir='ltr'><strong>dit,</strong></span> <span class='ocrx_word' id='word_1_92' title='bbox 336 1415 446 1478; x_wconf 87' lang='lat' dir='ltr'><strong>lulium</strong></span> <span class='ocrx_word' id='word_1_93' title='bbox 470 1415 648 1476; x_wconf 86' lang='lat' dir='ltr'><strong>Montanum</strong></span> <span class='ocrx_word' id='word_1_94' title='bbox 670 1423 788 1497; x_wconf 87' lang='lat' dir='ltr'><strong>poetam</strong></span> <span class='ocrx_word' id='word_1_95' title='bbox 813 1415 936 1475; x_wconf 88' lang='lat' dir='ltr'><strong>solitum</strong></span> <span class='ocrx_word' id='word_1_96' title='bbox 958 1417 1080 1492; x_wconf 83' lang='lat' dir='ltr'><strong>dicere,</strong></span> <span class='ocrx_word' id='word_1_97' title='bbox 1111 1416 1339 1476; x_wconf 63' lang='lat' dir='ltr'><strong>inuolaturum!</strong></span> 
     </span>
     <span class='ocr_line' id='line_1_13' title="bbox 244 1496 1339 1582; baseline -0.002 -18"><span class='ocrx_word' id='word_1_98' title='bbox 244 1501 392 1582; x_wconf 88' lang='lat' dir='ltr'><strong>quaedam</strong></span> <span class='ocrx_word' id='word_1_99' title='bbox 404 1501 542 1581; x_wconf 84' lang='lat' dir='ltr'><strong>Virgilio,</strong></span> <span class='ocrx_word' id='word_1_100' title='bbox 565 1501 708 1560; x_wconf 85' lang='lat' dir='ltr'><strong>aivocem</strong></span> <span class='ocrx_word' id='word_1_101' title='bbox 720 1510 834 1580; x_wconf 83' lang='lat' dir='ltr'><strong>posset,</strong></span> <span class='ocrx_word' id='word_1_102' title='bbox 865 1511 955 1578; x_wconf 90' lang='lat' dir='ltr'><strong>etos,</strong></span> <span class='ocrx_word' id='word_1_103' title='bbox 984 1511 1016 1562; x_wconf 88' lang='lat' dir='ltr'><strong>et</strong></span> <span class='ocrx_word' id='word_1_104' title='bbox 1027 1496 1232 1582; x_wconf 86' lang='lat' dir='ltr'><strong>hypocrisim:</strong></span> <span class='ocrx_word' id='word_1_105' title='bbox 1254 1501 1339 1562; x_wconf 80' lang='lat' dir='ltr'><strong>eosdet</strong></span> 
     </span>
     <span class='ocr_line' id='line_1_14' title="bbox 243 1587 1339 1668; baseline -0.005 -18"><span class='ocrx_word' id='word_1_106' title='bbox 243 1589 324 1650; x_wconf 88' lang='lat' dir='ltr'><strong>enim</strong></span> <span class='ocrx_word' id='word_1_107' title='bbox 336 1607 459 1664; x_wconf 86' lang='lat' dir='ltr'><strong>versus,</strong></span> <span class='ocrx_word' id='word_1_108' title='bbox 482 1607 517 1647; x_wconf 92' lang='lat' dir='ltr'><strong>eo</strong></span> <span class='ocrx_word' id='word_1_109' title='bbox 532 1587 766 1668; x_wconf 83' lang='lat' dir='ltr'><strong>pronuntiante,</strong></span> <span class='ocrx_word' id='word_1_110' title='bbox 794 1589 870 1648; x_wconf 89' lang='lat' dir='ltr'><strong>bene</strong></span> <span class='ocrx_word' id='word_1_111' title='bbox 887 1607 1007 1666; x_wconf 86' lang='lat' dir='ltr'><strong>sonare;</strong></span> <span class='ocrx_word' id='word_1_112' title='bbox 1026 1588 1089 1648; x_wconf 87' lang='lat' dir='ltr'><strong>sine</strong></span> <span class='ocrx_word' id='word_1_113' title='bbox 1106 1587 1177 1666; x_wconf 91' lang='lat' dir='ltr'><strong>illo,</strong></span> <span class='ocrx_word' id='word_1_114' title='bbox 1198 1590 1339 1649; x_wconf 79' lang='lat' dir='ltr'><strong>innascere</strong></span> 
     </span>
     <span class='ocr_line' id='line_1_15' title="bbox 241 1675 447 1756; baseline -0.024 -20"><span class='ocrx_word' id='word_1_115' title='bbox 241 1675 326 1756; x_wconf 89' lang='lat' dir='ltr'><strong>quasi</strong></span> <span class='ocrx_word' id='word_1_116' title='bbox 338 1682 447 1734; x_wconf 90' lang='lat' dir='ltr'><strong>mutos.</strong></span> 
     </span>
    </p>
   </div>
   <div class='ocr_carea' id='block_1_3' title="bbox 170 1834 1339 2620">
    <p class='ocr_par' dir='ltr' id='par_1_3' title="bbox 170 1834 1339 2620">
     <span class='ocr_line' id='line_1_16' title="bbox 243 1834 1339 1917; baseline -0.008 -19"><span class='ocrx_word' id='word_1_117' title='bbox 243 1858 288 1898; x_wconf 78' lang='lat' dir='ltr'><strong>tro</strong></span> <span class='ocrx_word' id='word_1_118' title='bbox 304 1841 430 1897; x_wconf 80' lang='lat' dir='ltr'><strong>uersibus</strong></span> <span class='ocrx_word' id='word_1_119' title='bbox 447 1844 569 1917; x_wconf 80' lang='lat' dir='ltr'><strong>Virgilii,</strong></span> <span class='ocrx_word' id='word_1_120' title='bbox 588 1845 709 1897; x_wconf 75' lang='lat' dir='ltr'><strong>surrexit</strong></span> <span class='ocrx_word' id='word_1_121' title='bbox 721 1845 786 1898; x_wconf 86' lang='lat' dir='ltr'><strong>uni-</strong></span> <span class='ocrx_word' id='word_1_122' title='bbox 827 1843 975 1896; x_wconf 78' lang='lat' dir='ltr'><strong>feminasin</strong></span> <span class='ocrx_word' id='word_1_123' title='bbox 986 1861 1089 1896; x_wconf 85' lang='lat' dir='ltr'><strong>saeuam</strong></span> <span class='ocrx_word' id='word_1_124' title='bbox 1104 1834 1252 1912; x_wconf 81' lang='lat' dir='ltr'><strong>prodiisse,</strong></span> <span class='ocrx_word' id='word_1_125' title='bbox 1271 1859 1298 1892; x_wconf 81' lang='lat' dir='ltr'><strong>er</strong></span> <span class='ocrx_word' id='word_1_126' title='bbox 1309 1841 1339 1890; x_wconf 81' lang='lat' dir='ltr'><strong>l&#39;n</strong></span> 
     </span>
     <span class='ocr_line' id='line_1_17' title="bbox 242 1911 1339 1994; baseline -0.007 -26"><span class='ocrx_word' id='word_1_127' title='bbox 242 1932 340 1968; x_wconf 81' lang='lat' dir='ltr'><strong>uersus</strong></span> <span class='ocrx_word' id='word_1_128' title='bbox 364 1927 392 1965; x_wconf 81' lang='lat' dir='ltr'><strong>et</strong></span> <span class='ocrx_word' id='word_1_129' title='bbox 416 1912 496 1985; x_wconf 87' lang='lat' dir='ltr'><strong>sorte</strong></span> <span class='ocrx_word' id='word_1_130' title='bbox 520 1926 695 1994; x_wconf 77' lang='lat' dir='ltr'><strong>praesentem</strong></span> <span class='ocrx_word' id='word_1_131' title='bbox 720 1932 785 1984; x_wconf 83' lang='lat' dir='ltr'><strong>spe-</strong></span> <span class='ocrx_word' id='word_1_132' title='bbox 828 1914 927 1978; x_wconf 90' lang='lat' dir='ltr'><strong>tribus,</strong></span> <span class='ocrx_word' id='word_1_133' title='bbox 952 1930 1018 1983; x_wconf 89' lang='lat' dir='ltr'><strong>quos</strong></span> <span class='ocrx_word' id='word_1_134' title='bbox 1034 1913 1214 1983; x_wconf 85' lang='lat' dir='ltr'><strong>appellamus,</strong></span> <span class='ocrx_word' id='word_1_135' title='bbox 1238 1911 1339 1964; x_wconf 80' lang='lat' dir='ltr'><strong>discimus</strong></span> 
     </span>
     <span class='ocr_line' id='line_1_18' title="bbox 241 1981 1339 2064; baseline -0.005 -28"><span class='ocrx_word' id='word_1_136' title='bbox 241 1995 412 2053; x_wconf 65' lang='lat' dir='ltr'><strong>ouantemque</strong></span> <span class='ocrx_word' id='word_1_137' title='bbox 423 1984 568 2054; x_wconf 74' lang='lat' dir='ltr'><strong>Virgilium</strong></span> <span class='ocrx_word' id='word_1_138' title='bbox 582 1996 731 2036; x_wconf 78' lang='lat' dir='ltr'><strong>ueneratus</strong></span> <span class='ocrx_word' id='word_1_139' title='bbox 744 1994 787 2034; x_wconf 79' lang='lat' dir='ltr'><strong>est</strong></span> <span class='ocrx_word' id='word_1_140' title='bbox 868 1985 948 2054; x_wconf 85' lang='lat' dir='ltr'><strong>quusi</strong></span> <span class='ocrx_word' id='word_1_141' title='bbox 965 1985 1023 2064; x_wconf 85' lang='lat' dir='ltr'><strong>ipsa</strong></span> <span class='ocrx_word' id='word_1_142' title='bbox 1043 2000 1069 2034; x_wconf 88' lang='lat' dir='ltr'><strong>u.</strong></span> <span class='ocrx_word' id='word_1_143' title='bbox 1091 1983 1195 2036; x_wconf 89' lang='lat' dir='ltr'><strong>Cicero.</strong></span> <span class='ocrx_word' id='word_1_144' title='bbox 1237 1985 1280 2032; x_wconf 82' lang='lat' dir='ltr'><strong>Est</strong></span> <span class='ocrx_word' id='word_1_145' title='bbox 1298 1981 1339 2030; x_wconf 80' lang='lat' dir='ltr'><strong>han</strong></span> 
     </span>
     <span class='ocr_line' id='line_1_19' title="bbox 242 2049 1335 2123; baseline -0.007 -18"><span class='ocrx_word' id='word_1_146' title='bbox 242 2055 297 2117; x_wconf 84' lang='lat' dir='ltr'><strong>sic,</strong></span> <span class='ocrx_word' id='word_1_147' title='bbox 315 2054 396 2122; x_wconf 80' lang='lat' dir='ltr'><strong>quusi</strong></span> <span class='ocrx_word' id='word_1_148' title='bbox 407 2058 572 2123; x_wconf 80' lang='lat' dir='ltr'><strong>Augustum.</strong></span> <span class='ocrx_word' id='word_1_149' title='bbox 604 2052 784 2104; x_wconf 84' lang='lat' dir='ltr'><strong>Recitationes</strong></span> <span class='ocrx_word' id='word_1_150' title='bbox 827 2053 987 2121; x_wconf 83' lang='lat' dir='ltr'><strong>grammatica</strong></span> <span class='ocrx_word' id='word_1_151' title='bbox 1009 2052 1137 2104; x_wconf 86' lang='lat' dir='ltr'><strong>narrantis</strong></span> <span class='ocrx_word' id='word_1_152' title='bbox 1168 2049 1335 2121; x_wconf 87' lang='lat' dir='ltr'><strong>interpretatio</strong></span> 
     </span>
     <span class='ocr_line' id='line_1_20' title="bbox 242 2120 1339 2192; baseline -0.007 -18"><span class='ocrx_word' id='word_1_153' title='bbox 242 2123 343 2174; x_wconf 85' lang='lat' dir='ltr'><strong>Romae</strong></span> <span class='ocrx_word' id='word_1_154' title='bbox 357 2121 386 2172; x_wconf 95' lang='lat' dir='ltr'><strong>in</strong></span> <span class='ocrx_word' id='word_1_155' title='bbox 397 2123 501 2174; x_wconf 86' lang='lat' dir='ltr'><strong>theatro</strong></span> <span class='ocrx_word' id='word_1_156' title='bbox 513 2123 597 2174; x_wconf 76' lang='lat' dir='ltr'><strong>lactas</strong></span> <span class='ocrx_word' id='word_1_157' title='bbox 611 2139 677 2186; x_wconf 87' lang='lat' dir='ltr'><strong>esse,</strong></span> <span class='ocrx_word' id='word_1_158' title='bbox 694 2121 782 2174; x_wconf 90' lang='lat' dir='ltr'><strong>aliun-</strong></span> <span class='ocrx_word' id='word_1_159' title='bbox 827 2141 892 2192; x_wconf 87' lang='lat' dir='ltr'><strong>quae</strong></span> <span class='ocrx_word' id='word_1_160' title='bbox 915 2133 941 2174; x_wconf 89' lang='lat' dir='ltr'><strong>et</strong></span> <span class='ocrx_word' id='word_1_161' title='bbox 959 2140 1001 2191; x_wconf 90' lang='lat' dir='ltr'><strong>ap.</strong></span> <span class='ocrx_word' id='word_1_162' title='bbox 1024 2121 1141 2174; x_wconf 79' lang='lat' dir='ltr'><strong>Serviunt</strong></span> <span class='ocrx_word' id='word_1_163' title='bbox 1162 2122 1182 2174; x_wconf 94' lang='lat' dir='ltr'><strong>l.</strong></span> <span class='ocrx_word' id='word_1_164' title='bbox 1203 2123 1221 2174; x_wconf 92' lang='lat' dir='ltr'><strong>l.</strong></span> <span class='ocrx_word' id='word_1_165' title='bbox 1247 2120 1339 2172; x_wconf 80' lang='lat' dir='ltr'><strong>habetur</strong></span> 
     </span>
     <span class='ocr_line' id='line_1_21' title="bbox 170 2189 1339 2272; baseline -0.006 -29"><span class='ocrx_word' id='word_1_166' title='bbox 170 2249 175 2262; x_wconf 25' lang='grc' dir='ltr'>ἱ</span> <span class='ocrx_word' id='word_1_167' title='bbox 242 2191 277 2243; x_wconf 92' lang='lat' dir='ltr'><strong>de</strong></span> <span class='ocrx_word' id='word_1_168' title='bbox 290 2191 360 2243; x_wconf 81' lang='lat' dir='ltr'><strong>haud</strong></span> <span class='ocrx_word' id='word_1_169' title='bbox 376 2201 491 2254; x_wconf 75' lang='lat' dir='ltr'><strong>constat5</strong></span> <span class='ocrx_word' id='word_1_170' title='bbox 511 2192 626 2256; x_wconf 87' lang='lat' dir='ltr'><strong>etlooa,</strong></span> <span class='ocrx_word' id='word_1_171' title='bbox 654 2191 781 2272; x_wconf 82' lang='lat' dir='ltr'><strong>equibus</strong></span> <span class='ocrx_word' id='word_1_172' title='bbox 825 2191 1166 2259; x_wconf 86' lang='lat' dir='ltr'><strong>CurnCiceroueiudignam</strong></span> <span class='ocrx_word' id='word_1_173' title='bbox 1178 2189 1339 2243; x_wconf 79' lang='lat' dir='ltr'><strong>hancsuilsn</strong></span> 
     </span>
     <span class='ocr_line' id='line_1_22' title="bbox 241 2255 1339 2382; baseline -0.003 -70"><span class='ocrx_word' id='word_1_174' title='bbox 241 2261 269 2312; x_wconf 93' lang='lat' dir='ltr'><strong>id</strong></span> <span class='ocrx_word' id='word_1_175' title='bbox 303 2261 423 2313; x_wconf 83' lang='lat' dir='ltr'><strong>robatuns</strong></span> <span class='ocrx_word' id='word_1_176' title='bbox 436 2261 517 2325; x_wconf 88' lang='lat' dir='ltr'><strong>ivere,</strong></span> <span class='ocrx_word' id='word_1_177' title='bbox 534 2260 577 2312; x_wconf 82' lang='lat' dir='ltr'><strong>vix</strong></span> <span class='ocrx_word' id='word_1_178' title='bbox 590 2260 782 2312; x_wconf 76' lang='lat' dir='ltr'><strong>dubitationem</strong></span> <span class='ocrx_word' id='word_1_179' title='bbox 824 2262 885 2314; x_wconf 88' lang='lat' dir='ltr'><strong>dem</strong></span> <span class='ocrx_word' id='word_1_180' title='bbox 896 2270 1002 2329; x_wconf 86' lang='lat' dir='ltr'><strong>putaret</strong></span> <span class='ocrx_word' id='word_1_181' title='bbox 1015 2263 1128 2314; x_wconf 88' lang='lat' dir='ltr'><strong>Wsrton</strong></span> <span class='ocrx_word' id='word_1_182' title='bbox 1142 2261 1219 2382; x_wconf 51' lang='lat' dir='ltr'><strong>(List-</strong></span> <span class='ocrx_word' id='word_1_183' title='bbox 1235 2255 1339 2331; x_wconf 79' lang='lat' dir='ltr'><strong>ofVirgl</strong></span> 
     </span>
     <span class='ocr_line' id='line_1_23' title="bbox 240 2325 1339 2402; baseline -0.004 -20"><span class='ocrx_word' id='word_1_184' title='bbox 240 2339 270 2382; x_wconf 90' lang='lat' dir='ltr'><strong>to</strong></span> <span class='ocrx_word' id='word_1_185' title='bbox 294 2339 348 2381; x_wconf 90' lang='lat' dir='ltr'><strong>unt.</strong></span> <span class='ocrx_word' id='word_1_186' title='bbox 390 2332 457 2384; x_wconf 84' lang='lat' dir='ltr'><strong>Nam</strong></span> <span class='ocrx_word' id='word_1_187' title='bbox 482 2330 567 2383; x_wconf 82' lang='lat' dir='ltr'><strong>locunt</strong></span> <span class='ocrx_word' id='word_1_188' title='bbox 592 2329 678 2382; x_wconf 82' lang='lat' dir='ltr'><strong>ovidii</strong></span> <span class='ocrx_word' id='word_1_189' title='bbox 699 2329 781 2382; x_wconf 89' lang='lat' dir='ltr'><strong>Trist.</strong></span> <span class='ocrx_word' id='word_1_190' title='bbox 824 2350 853 2402; x_wconf 87' lang='lat' dir='ltr'><strong>p.</strong></span> <span class='ocrx_word' id='word_1_191' title='bbox 867 2331 913 2398; x_wconf 77' lang='grc'>8.),</span> <span class='ocrx_word' id='word_1_192' title='bbox 930 2330 1142 2398; x_wconf 85' lang='lat' dir='ltr'><strong>quandoquidem</strong></span> <span class='ocrx_word' id='word_1_193' title='bbox 1151 2334 1269 2392; x_wconf 72' lang='lat' dir='ltr'><strong>Ss&#39;enua</strong></span> <span class='ocrx_word' id='word_1_194' title='bbox 1282 2325 1339 2378; x_wconf 66' lang='lat' dir='ltr'><strong>Este</strong></span> 
     </span>
     <span class='ocr_line' id='line_1_24' title="bbox 240 2399 1339 2472; baseline -0.008 -17"><span class='ocrx_word' id='word_1_195' title='bbox 240 2401 274 2468; x_wconf 85' lang='lat' dir='ltr'><strong>V,</strong></span> <span class='ocrx_word' id='word_1_196' title='bbox 289 2401 316 2464; x_wconf 87' lang='lat'><strong>7,</strong></span> <span class='ocrx_word' id='word_1_197' title='bbox 332 2401 367 2455; x_wconf 82' lang='lat'><strong>26</strong></span> <span class='ocrx_word' id='word_1_198' title='bbox 386 2401 513 2453; x_wconf 78' lang='lat' dir='ltr'><strong>Connina</strong></span> <span class='ocrx_word' id='word_1_199' title='bbox 530 2401 603 2470; x_wconf 84' lang='lat' dir='ltr'><strong>quod</strong></span> <span class='ocrx_word' id='word_1_200' title='bbox 620 2401 705 2472; x_wconf 87' lang='lat' dir='ltr'><strong>pleno</strong></span> <span class='ocrx_word' id='word_1_201' title='bbox 722 2399 781 2451; x_wconf 86' lang='lat' dir='ltr'><strong>sul·</strong></span> <span class='ocrx_word' id='word_1_202' title='bbox 823 2419 858 2468; x_wconf 89' lang='lat' dir='ltr'><strong>ga</strong></span> <span class='ocrx_word' id='word_1_203' title='bbox 872 2409 961 2465; x_wconf 79' lang='lat' dir='ltr'><strong>serta,</strong></span> <span class='ocrx_word' id='word_1_204' title='bbox 977 2399 1087 2452; x_wconf 88' lang='lat' dir='ltr'><strong>recitata</strong></span> <span class='ocrx_word' id='word_1_205' title='bbox 1102 2417 1161 2453; x_wconf 86' lang='lat' dir='ltr'><strong>esse</strong></span> <span class='ocrx_word' id='word_1_206' title='bbox 1173 2399 1289 2459; x_wconf 86' lang='lat' dir='ltr'><strong>traditur,</strong></span> <span class='ocrx_word' id='word_1_207' title='bbox 1300 2413 1339 2447; x_wconf 74' lang='lat' dir='ltr'><strong>cre«</strong></span> 
     </span>
     <span class='ocr_line' id='line_1_25' title="bbox 240 2467 1339 2539; baseline -0.007 -18"><span class='ocrx_word' id='word_1_208' title='bbox 240 2471 299 2522; x_wconf 79' lang='lat' dir='ltr'><strong>tari</strong></span> <span class='ocrx_word' id='word_1_209' title='bbox 322 2482 421 2524; x_wconf 78' lang='lat' dir='ltr'><strong>nostru</strong></span> <span class='ocrx_word' id='word_1_210' title='bbox 441 2471 564 2534; x_wconf 75' lang='lat' dir='ltr'><strong>theatro,</strong></span> <span class='ocrx_word' id='word_1_211' title='bbox 598 2467 731 2523; x_wconf 81' lang='lat' dir='ltr'><strong>Versibus</strong></span> <span class='ocrx_word' id='word_1_212' title='bbox 754 2482 782 2520; x_wconf 81' lang='lat' dir='ltr'><strong>et</strong></span> <span class='ocrx_word' id='word_1_213' title='bbox 824 2470 892 2522; x_wconf 90' lang='lat' dir='ltr'><strong>didit</strong></span> <span class='ocrx_word' id='word_1_214' title='bbox 905 2470 967 2533; x_wconf 89' lang='lat' dir='ltr'><strong>ille,</strong></span> <span class='ocrx_word' id='word_1_215' title='bbox 991 2469 1182 2539; x_wconf 86' lang='lat' dir='ltr'><strong>possedictunr</strong></span> <span class='ocrx_word' id='word_1_216' title='bbox 1205 2468 1339 2521; x_wconf 80' lang='lat' dir='ltr'><strong>horitaao</strong></span> 
     </span>
     <span class='ocr_line' id='line_1_26' title="bbox 259 2531 1339 2620; baseline -0.005 -29"><span class='ocrx_word' id='word_1_217' title='bbox 259 2539 339 2591; x_wconf 78' lang='lat' dir='ltr'><strong>laudi</strong></span> <span class='ocrx_word' id='word_1_218' title='bbox 367 2539 475 2604; x_wconf 80' lang='lat' dir='ltr'><strong>scribis,</strong></span> <span class='ocrx_word' id='word_1_219' title='bbox 512 2542 609 2604; x_wconf 69' lang='lat' dir='ltr'><strong>otniae,</strong></span> <span class='ocrx_word' id='word_1_220' title='bbox 640 2541 721 2602; x_wconf 82' lang='lat' dir='ltr'><strong>meis,</strong></span> <span class='ocrx_word' id='word_1_221' title='bbox 746 2539 780 2590; x_wconf 90' lang='lat' dir='ltr'><strong>da</strong></span> <span class='ocrx_word' id='word_1_222' title='bbox 823 2539 891 2610; x_wconf 88' lang='lat' dir='ltr'><strong>cipi,</strong></span> <span class='ocrx_word' id='word_1_223' title='bbox 919 2549 962 2604; x_wconf 89' lang='lat' dir='ltr'><strong>ut,</strong></span> <span class='ocrx_word' id='word_1_224' title='bbox 992 2557 1049 2591; x_wconf 82' lang='lat' dir='ltr'><strong>cuns</strong></span> <span class='ocrx_word' id='word_1_225' title='bbox 1070 2539 1117 2590; x_wconf 92' lang='lat' dir='ltr'><strong>illa</strong></span> <span class='ocrx_word' id='word_1_226' title='bbox 1139 2539 1239 2620; x_wconf 85' lang='lat' dir='ltr'><strong>Ecloga</strong></span> <span class='ocrx_word' id='word_1_227' title='bbox 1259 2531 1339 2606; x_wconf 67' lang='lat' dir='ltr'><strong>physio*</strong></span> 
     </span>
    </p>
   </div>
   <div class='ocr_carea' id='block_1_4' title="bbox 268 2608 1339 2730">
    <p class='ocr_par' dir='ltr' id='par_1_4' title="bbox 268 2608 1339 2730">
     <span class='ocr_line' id='line_1_27' title="bbox 268 2608 1339 2730; baseline -0.006 -70"><span class='ocrx_word' id='word_1_228' title='bbox 268 2608 335 2660; x_wconf 80' lang='lat' dir='ltr'><strong>edes</strong></span> <span class='ocrx_word' id='word_1_229' title='bbox 347 2608 461 2678; x_wconf 82' lang='lat' dir='ltr'><strong>intelligi</strong></span> <span class='ocrx_word' id='word_1_230' title='bbox 473 2625 553 2678; x_wconf 88' lang='lat' dir='ltr'><strong>possa</strong></span> <span class='ocrx_word' id='word_1_231' title='bbox 567 2609 663 2660; x_wconf 91' lang='lat' dir='ltr'><strong>docere</strong></span> <span class='ocrx_word' id='word_1_232' title='bbox 678 2609 782 2660; x_wconf 84' lang='lat' dir='ltr'><strong>videtur</strong></span> <span class='ocrx_word' id='word_1_233' title='bbox 822 2611 858 2662; x_wconf 93' lang='lat' dir='ltr'><strong>sit</strong></span> <span class='ocrx_word' id='word_1_234' title='bbox 872 2608 1027 2730; x_wconf 76' lang='lat' dir='ltr'><strong>argumenti,</strong></span> <span class='ocrx_word' id='word_1_235' title='bbox 1041 2619 1102 2678; x_wconf 87' lang='lat' dir='ltr'><strong>post</strong></span> <span class='ocrx_word' id='word_1_236' title='bbox 1113 2609 1263 2661; x_wconf 68' lang='lat' dir='ltr'><strong>Lucretium</strong></span> <span class='ocrx_word' id='word_1_237' title='bbox 1272 2615 1339 2674; x_wconf 70' lang='lat' dir='ltr'><strong>partes</strong></span> 
     </span>
    </p>
   </div>
   <div class='ocr_carea' id='block_1_5' title="bbox 147 2677 1339 4538">
    <p class='ocr_par' dir='ltr' id='par_1_5' title="bbox 238 2677 1339 2741">
     <span class='ocr_line' id='line_1_28' title="bbox 238 2677 1339 2741; baseline -0.001 -10"><span class='ocrx_word' id='word_1_238' title='bbox 238 2678 305 2731; x_wconf 88' lang='lat' dir='ltr'><strong>alter</strong></span> <span class='ocrx_word' id='word_1_239' title='bbox 321 2677 394 2731; x_wconf 89' lang='lat' dir='ltr'><strong>locus</strong></span> <span class='ocrx_word' id='word_1_240' title='bbox 406 2681 452 2732; x_wconf 91' lang='lat' dir='ltr'><strong>Tr.</strong></span> <span class='ocrx_word' id='word_1_241' title='bbox 464 2681 502 2741; x_wconf 89' lang='lat' dir='ltr'><strong>ll,</strong></span> <span class='ocrx_word' id='word_1_242' title='bbox 524 2678 584 2733; x_wconf 79' lang='lat'><strong>519.</strong></span> <span class='ocrx_word' id='word_1_243' title='bbox 597 2679 650 2732; x_wconf 72' lang='grc'><strong>690</strong></span> <span class='ocrx_word' id='word_1_244' title='bbox 666 2683 703 2730; x_wconf 75' lang='lat' dir='ltr'><strong>Ea</strong></span> <span class='ocrx_word' id='word_1_245' title='bbox 720 2695 781 2728; x_wconf 85' lang='lat' dir='ltr'><strong>meu</strong></span> <span class='ocrx_word' id='word_1_246' title='bbox 822 2697 900 2731; x_wconf 86' lang='lat' dir='ltr'><strong>secan</strong></span> <span class='ocrx_word' id='word_1_247' title='bbox 921 2697 949 2730; x_wconf 88' lang='lat' dir='ltr'><strong>as</strong></span> <span class='ocrx_word' id='word_1_248' title='bbox 964 2680 1099 2730; x_wconf 84' lang='lat' dir='ltr'><strong>Maronem</strong></span> <span class='ocrx_word' id='word_1_249' title='bbox 1119 2678 1282 2730; x_wconf 81' lang='lat' dir='ltr'><strong>obtenturum</strong></span> <span class='ocrx_word' id='word_1_250' title='bbox 1300 2685 1339 2724; x_wconf 80' lang='lat' dir='ltr'><strong>esu</strong></span> 
     </span>
    </p>

    <p class='ocr_par' dir='ltr' id='par_1_6' title="bbox 233 2745 1339 3296">
     <span class='ocr_line' id='line_1_29' title="bbox 237 2745 1291 2870; baseline 0 -70"><span class='ocrx_word' id='word_1_251' title='bbox 237 2760 305 2800; x_wconf 75' lang='lat' dir='ltr'><strong>sune</strong></span> <span class='ocrx_word' id='word_1_252' title='bbox 313 2749 428 2870; x_wconf 69' lang='lat' dir='ltr'><strong>¹populu</strong></span> <span class='ocrx_word' id='word_1_253' title='bbox 448 2749 553 2801; x_wconf 78' lang='lat' dir='ltr'><strong>saltatu</strong></span> <span class='ocrx_word' id='word_1_254' title='bbox 568 2760 697 2830; x_wconf 74' lang='lat' dir='ltr'><strong>poemata</strong></span> <span class='ocrx_word' id='word_1_255' title='bbox 715 2765 780 2798; x_wconf 80' lang='lat' dir='ltr'><strong>sae-</strong></span> <span class='ocrx_word' id='word_1_256' title='bbox 820 2745 1012 2831; x_wconf 76' lang='lat' dir='ltr'><strong>significaverit.</strong></span> <span class='ocrx_word' id='word_1_257' title='bbox 1287 2814 1291 2824; x_wconf 91' lang='lat'><strong>.</strong></span> 
     </span>
     <span class='ocr_line' id='line_1_30' title="bbox 233 2817 1339 2958; baseline -0.006 -20"><span class='ocrx_word' id='word_1_258' title='bbox 233 2818 780 2957; x_wconf 58' lang='lat' dir='ltr'><strong>tta-“tttqtttltqttttlttttf</strong></span> <span class='ocrx_word' id='word_1_259' title='bbox 819 2817 1339 2958; x_wconf 64' lang='lat' dir='ltr'><strong>.:?.tft:}².l:;t.³il;..¹.⁶i1tittl</strong></span> 
     </span>
     <span class='ocr_line' id='line_1_31' title="bbox 236 2904 1260 3075; baseline 0.003 -69"><span class='ocrx_word' id='word_1_260' title='bbox 236 2955 297 3007; x_wconf 85' lang='lat' dir='ltr'><strong>dem</strong></span> <span class='ocrx_word' id='word_1_261' title='bbox 311 2955 387 3026; x_wconf 74' lang='lat' dir='ltr'><strong>fici,</strong></span> <span class='ocrx_word' id='word_1_262' title='bbox 408 2969 440 3008; x_wconf 84' lang='lat' dir='ltr'><strong>tu</strong></span> <span class='ocrx_word' id='word_1_263' title='bbox 459 2959 514 3008; x_wconf 84' lang='lat' dir='ltr'><strong>sos&#39;s</strong></span> <span class='ocrx_word' id='word_1_264' title='bbox 534 2957 586 3008; x_wconf 79' lang='lat' dir='ltr'><strong>hoc</strong></span> <span class='ocrx_word' id='word_1_265' title='bbox 604 2959 678 3075; x_wconf 77' lang='lat' dir='ltr'><strong>ipse,</strong></span> <span class='ocrx_word' id='word_1_266' title='bbox 695 2904 777 3006; x_wconf 64' lang='lat' dir='ltr'><strong>adeu—</strong></span> <span class='ocrx_word' id='word_1_267' title='bbox 819 2976 887 3009; x_wconf 85' lang='lat' dir='ltr'><strong>mue.</strong></span> <span class='ocrx_word' id='word_1_268' title='bbox 1254 3024 1260 3034; x_wconf 43' lang='lat'><strong>·</strong></span> 
     </span>
     <span class='ocr_line' id='line_1_32' title="bbox 238 3015 1339 3094; baseline 0.001 -20"><span class='ocrx_word' id='word_1_269' title='bbox 238 3027 305 3075; x_wconf 77' lang='lat' dir='ltr'><strong>tris:</strong></span> <span class='ocrx_word' id='word_1_270' title='bbox 331 3025 472 3076; x_wconf 86' lang='lat' dir='ltr'><strong>obscurant</strong></span> <span class='ocrx_word' id='word_1_271' title='bbox 491 3043 555 3077; x_wconf 87' lang='lat' dir='ltr'><strong>rem.</strong></span> <span class='ocrx_word' id='word_1_272' title='bbox 589 3027 612 3076; x_wconf 82' lang='grc' dir='ltr'><strong>Α</strong></span> <span class='ocrx_word' id='word_1_273' title='bbox 646 3025 712 3076; x_wconf 89' lang='lat' dir='ltr'><strong>haec</strong></span> <span class='ocrx_word' id='word_1_274' title='bbox 731 3034 776 3074; x_wconf 92' lang='lat' dir='ltr'><strong>ta-</strong></span> <span class='ocrx_word' id='word_1_275' title='bbox 854 3027 878 3094; x_wconf 78' lang='lat'><strong>§.</strong></span> <span class='ocrx_word' id='word_1_276' title='bbox 891 3024 934 3079; x_wconf 75' lang='lat'><strong>42</strong></span> <span class='ocrx_word' id='word_1_277' title='bbox 951 3023 1064 3078; x_wconf 80' lang='lat' dir='ltr'><strong>Atellae</strong></span> <span class='ocrx_word' id='word_1_278' title='bbox 1080 3036 1266 3084; x_wconf 79' lang='lat' dir='ltr'><strong>eommornnu·</strong></span> <span class='ocrx_word' id='word_1_279' title='bbox 1293 3015 1339 3069; x_wconf 75' lang='lat' dir='ltr'><strong>Ffll·</strong></span> 
     </span>
     <span class='ocr_line' id='line_1_33' title="bbox 236 3084 1339 3162; baseline -0.002 -20"><span class='ocrx_word' id='word_1_280' title='bbox 236 3109 297 3142; x_wconf 89' lang='lat' dir='ltr'><strong>rnen</strong></span> <span class='ocrx_word' id='word_1_281' title='bbox 313 3095 489 3160; x_wconf 85' lang='lat' dir='ltr'><strong>respondeas:</strong></span> <span class='ocrx_word' id='word_1_282' title='bbox 512 3093 607 3144; x_wconf 83' lang='lat' dir='ltr'><strong>saltem</strong></span> <span class='ocrx_word' id='word_1_283' title='bbox 621 3093 673 3145; x_wconf 89' lang='lat' dir='ltr'><strong>hoc</strong></span> <span class='ocrx_word' id='word_1_284' title='bbox 690 3092 776 3160; x_wconf 88' lang='lat' dir='ltr'><strong>ipsum</strong></span> <span class='ocrx_word' id='word_1_285' title='bbox 818 3113 874 3146; x_wconf 86' lang='lat' dir='ltr'><strong>susa</strong></span> <span class='ocrx_word' id='word_1_286' title='bbox 887 3093 953 3156; x_wconf 86' lang='lat' dir='ltr'><strong>hoc;</strong></span> <span class='ocrx_word' id='word_1_287' title='bbox 968 3111 1028 3144; x_wconf 88' lang='lat' dir='ltr'><strong>nasu</strong></span> <span class='ocrx_word' id='word_1_288' title='bbox 1041 3111 1057 3144; x_wconf 89' lang='lat' dir='ltr'><strong>a</strong></span> <span class='ocrx_word' id='word_1_289' title='bbox 1070 3111 1158 3162; x_wconf 86' lang='lat' dir='ltr'><strong>pugna</strong></span> <span class='ocrx_word' id='word_1_290' title='bbox 1168 3093 1272 3146; x_wconf 79' lang='lat' dir='ltr'><strong>Actiaca</strong></span> <span class='ocrx_word' id='word_1_291' title='bbox 1283 3084 1339 3140; x_wconf 77' lang='lat' dir='ltr'><strong>redi·</strong></span> 
     </span>
     <span class='ocr_line' id='line_1_34' title="bbox 237 3159 1339 3230; baseline 0.002 -20"><span class='ocrx_word' id='word_1_292' title='bbox 237 3159 401 3229; x_wconf 82' lang='lat' dir='ltr'><strong>exeusplum,</strong></span> <span class='ocrx_word' id='word_1_293' title='bbox 422 3163 492 3230; x_wconf 88' lang='lat' dir='ltr'><strong>quod</strong></span> <span class='ocrx_word' id='word_1_294' title='bbox 506 3162 539 3212; x_wconf 89' lang='lat' dir='ltr'><strong>de</strong></span> <span class='ocrx_word' id='word_1_295' title='bbox 552 3162 657 3229; x_wconf 87' lang='lat' dir='ltr'><strong>Virgilii</strong></span> <span class='ocrx_word' id='word_1_296' title='bbox 667 3160 776 3214; x_wconf 89' lang='lat' dir='ltr'><strong>Bucoli-</strong></span> <span class='ocrx_word' id='word_1_297' title='bbox 818 3181 864 3216; x_wconf 88' lang='lat' dir='ltr'><strong>ens</strong></span> <span class='ocrx_word' id='word_1_298' title='bbox 885 3164 980 3216; x_wconf 86' lang='lat' dir='ltr'><strong>Caesar</strong></span> <span class='ocrx_word' id='word_1_299' title='bbox 1007 3161 1076 3214; x_wconf 86' lang='lat' dir='ltr'><strong>ultra</strong></span> <span class='ocrx_word' id='word_1_300' title='bbox 1096 3163 1273 3223; x_wconf 85' lang='lat' dir='ltr'><strong>Brundisium,</strong></span> <span class='ocrx_word' id='word_1_301' title='bbox 1301 3169 1339 3224; x_wconf 70' lang='lat' dir='ltr'><strong>qut</strong></span> 
     </span>
     <span class='ocr_line' id='line_1_35' title="bbox 236 3228 1339 3296; baseline -0.005 -17"><span class='ocrx_word' id='word_1_302' title='bbox 236 3228 274 3280; x_wconf 88' lang='lat' dir='ltr'><strong>eis</strong></span> <span class='ocrx_word' id='word_1_303' title='bbox 288 3239 462 3294; x_wconf 87' lang='lat' dir='ltr'><strong>memoratur,</strong></span> <span class='ocrx_word' id='word_1_304' title='bbox 481 3230 544 3282; x_wconf 86' lang='lat' dir='ltr'><strong>satis</strong></span> <span class='ocrx_word' id='word_1_305' title='bbox 559 3249 616 3282; x_wconf 88' lang='lat' dir='ltr'><strong>esse</strong></span> <span class='ocrx_word' id='word_1_306' title='bbox 630 3231 663 3282; x_wconf 78' lang='lat' dir='ltr'><strong>ad</strong></span> <span class='ocrx_word' id='word_1_307' title='bbox 676 3247 776 3282; x_wconf 87' lang='lat' dir='ltr'><strong>morem</strong></span> <span class='ocrx_word' id='word_1_308' title='bbox 818 3238 942 3288; x_wconf 77' lang='lat' dir='ltr'><strong>Senatum</strong></span> <span class='ocrx_word' id='word_1_309' title='bbox 956 3235 1037 3284; x_wconf 79' lang='lat' dir='ltr'><strong>ltonsa</strong></span> <span class='ocrx_word' id='word_1_310' title='bbox 1050 3243 1214 3296; x_wconf 78' lang='lat' dir='ltr'><strong>evocaverat,</strong></span> <span class='ocrx_word' id='word_1_311' title='bbox 1231 3247 1278 3282; x_wconf 88' lang='lat' dir='ltr'><strong>non</strong></span> <span class='ocrx_word' id='word_1_312' title='bbox 1288 3241 1339 3293; x_wconf 62' lang='lat' dir='ltr'><strong>pro*</strong></span> 
     </span>
    </p>

    <p class='ocr_par' dir='ltr' id='par_1_7' title="bbox 147 3289 1339 4538">
     <span class='ocr_line' id='line_1_36' title="bbox 147 3289 1339 3384; baseline -0.006 -35"><span class='ocrx_word' id='word_1_313' title='bbox 147 3339 155 3362; x_wconf 64' lang='lat'><strong>,</strong></span> <span class='ocrx_word' id='word_1_314' title='bbox 235 3297 392 3350; x_wconf 87' lang='lat' dir='ltr'><strong>testandum.</strong></span> <span class='ocrx_word' id='word_1_315' title='bbox 423 3298 559 3350; x_wconf 86' lang='lat' dir='ltr'><strong>Ilaecnisi</strong></span> <span class='ocrx_word' id='word_1_316' title='bbox 573 3309 668 3363; x_wconf 83' lang='lat' dir='ltr'><strong>essent,</strong></span> <span class='ocrx_word' id='word_1_317' title='bbox 686 3300 776 3380; x_wconf 86' lang='lat' dir='ltr'><strong>suspi—</strong></span> <span class='ocrx_word' id='word_1_318' title='bbox 817 3303 906 3356; x_wconf 84' lang='lat' dir='ltr'><strong>cessit.</strong></span> <span class='ocrx_word' id='word_1_319' title='bbox 931 3321 955 3354; x_wconf 82' lang='lat' dir='ltr'><strong>v.</strong></span> <span class='ocrx_word' id='word_1_320' title='bbox 977 3300 1027 3353; x_wconf 89' lang='lat' dir='ltr'><strong>Dio</strong></span> <span class='ocrx_word' id='word_1_321' title='bbox 1048 3301 1097 3365; x_wconf 85' lang='lat' dir='ltr'><strong>LI,</strong></span> <span class='ocrx_word' id='word_1_322' title='bbox 1122 3299 1148 3356; x_wconf 76' lang='grc'><strong>4.</strong></span> <span class='ocrx_word' id='word_1_323' title='bbox 1170 3301 1240 3384; x_wconf 57' lang='lat' dir='ltr'><strong>copi.</strong></span> <span class='ocrx_word' id='word_1_324' title='bbox 1259 3297 1300 3349; x_wconf 82' lang='lat' dir='ltr'><strong>inf.</strong></span> <span class='ocrx_word' id='word_1_325' title='bbox 1315 3289 1339 3342; x_wconf 84' lang='lat' dir='ltr'><strong>sd</strong></span> 
     </span>
     <span class='ocr_line' id='line_1_37' title="bbox 234 3366 1339 3512; baseline -0.003 -23"><span class='ocrx_word' id='word_1_326' title='bbox 234 3368 778 3491; x_wconf 59' lang='lat' dir='ltr'><strong>ttttftllzllzItllt²2ttt</strong></span> <span class='ocrx_word' id='word_1_327' title='bbox 817 3373 885 3494; x_wconf 65' lang='lat' dir='ltr'><strong>lit</strong></span> <span class='ocrx_word' id='word_1_328' title='bbox 901 3371 1280 3510; x_wconf 66' lang='lat' dir='ltr'><strong>.⁸3‚t.⁰.t”tttt..‘.‘l&#39;,¹²t</strong></span> <span class='ocrx_word' id='word_1_329' title='bbox 1293 3366 1339 3512; x_wconf 68' lang='lat' dir='ltr'><strong>lt</strong></span> 
     </span>
     <span class='ocr_line' id='line_1_38' title="bbox 235 3500 1339 3580; baseline -0.002 -22"><span class='ocrx_word' id='word_1_330' title='bbox 235 3505 352 3577; x_wconf 89' lang='lat' dir='ltr'><strong>lepidum</strong></span> <span class='ocrx_word' id='word_1_331' title='bbox 365 3507 498 3560; x_wconf 88' lang='lat' dir='ltr'><strong>hominem</strong></span> <span class='ocrx_word' id='word_1_332' title='bbox 516 3507 585 3559; x_wconf 91' lang='lat' dir='ltr'><strong>hanc</strong></span> <span class='ocrx_word' id='word_1_333' title='bbox 593 3507 777 3580; x_wconf 43' lang='lat' dir='ltr'><strong>&#39;uenationem</strong></span> <span class='ocrx_word' id='word_1_334' title='bbox 819 3510 907 3563; x_wconf 84' lang='lat' dir='ltr'><strong>verum</strong></span> <span class='ocrx_word' id='word_1_335' title='bbox 920 3520 950 3561; x_wconf 88' lang='lat' dir='ltr'><strong>ut</strong></span> <span class='ocrx_word' id='word_1_336' title='bbox 962 3521 989 3562; x_wconf 90' lang='lat' dir='ltr'><strong>et</strong></span> <span class='ocrx_word' id='word_1_337' title='bbox 1009 3521 1062 3561; x_wconf 88' lang='lat' dir='ltr'><strong>tum</strong></span> <span class='ocrx_word' id='word_1_338' title='bbox 1075 3508 1235 3577; x_wconf 87' lang='lat' dir='ltr'><strong>aliquantum</strong></span> <span class='ocrx_word' id='word_1_339' title='bbox 1245 3500 1339 3558; x_wconf 70' lang='lat' dir='ltr'><strong>Brundi*</strong></span> 
     </span>
     <span class='ocr_line' id='line_1_39' title="bbox 234 3568 1339 3646; baseline -0.002 -18"><span class='ocrx_word' id='word_1_340' title='bbox 234 3577 269 3628; x_wconf 87' lang='lat' dir='ltr'><strong>de</strong></span> <span class='ocrx_word' id='word_1_341' title='bbox 290 3577 367 3630; x_wconf 87' lang='lat' dir='ltr'><strong>Gallo</strong></span> <span class='ocrx_word' id='word_1_342' title='bbox 394 3577 421 3628; x_wconf 93' lang='lat' dir='ltr'><strong>in</strong></span> <span class='ocrx_word' id='word_1_343' title='bbox 439 3575 579 3645; x_wconf 78' lang='lat' dir='ltr'><strong>Virgilium</strong></span> <span class='ocrx_word' id='word_1_344' title='bbox 601 3588 693 3646; x_wconf 87' lang='lat' dir='ltr'><strong>argute</strong></span> <span class='ocrx_word' id='word_1_345' title='bbox 710 3595 777 3630; x_wconf 90' lang='lat' dir='ltr'><strong>con·</strong></span> <span class='ocrx_word' id='word_1_346' title='bbox 819 3581 853 3632; x_wconf 91' lang='lat' dir='ltr'><strong>sii</strong></span> <span class='ocrx_word' id='word_1_347' title='bbox 867 3580 1031 3632; x_wconf 84' lang='lat' dir='ltr'><strong>subsisteret.</strong></span> <span class='ocrx_word' id='word_1_348' title='bbox 1048 3568 1339 3646; x_wconf 72' lang='lat' dir='ltr'><strong>stuppian.pag.1073·</strong></span> 
     </span>
     <span class='ocr_line' id='line_1_40' title="bbox 233 3635 1339 3730; baseline 0 -34"><span class='ocrx_word' id='word_1_349' title='bbox 233 3647 305 3698; x_wconf 85' lang='lat' dir='ltr'><strong>Ierre</strong></span> <span class='ocrx_word' id='word_1_350' title='bbox 330 3645 382 3699; x_wconf 89' lang='lat' dir='ltr'><strong>sibi</strong></span> <span class='ocrx_word' id='word_1_351' title='bbox 399 3647 482 3699; x_wconf 83' lang='lat' dir='ltr'><strong>visum</strong></span> <span class='ocrx_word' id='word_1_352' title='bbox 502 3665 569 3699; x_wconf 87' lang='lat' dir='ltr'><strong>esse.</strong></span> <span class='ocrx_word' id='word_1_353' title='bbox 605 3649 683 3711; x_wconf 88' lang='lat' dir='ltr'><strong>Quod</strong></span> <span class='ocrx_word' id='word_1_354' title='bbox 702 3647 797 3700; x_wconf 79' lang='lat' dir='ltr'><strong>ovid.=</strong></span> <span class='ocrx_word' id='word_1_355' title='bbox 819 3651 895 3705; x_wconf 82' lang='lat'><strong>1080.</strong></span> <span class='ocrx_word' id='word_1_356' title='bbox 926 3647 1059 3700; x_wconf 84' lang='lat' dir='ltr'><strong>Plutarch.</strong></span> <span class='ocrx_word' id='word_1_357' title='bbox 1082 3652 1180 3700; x_wconf 78' lang='lat' dir='ltr'><strong>Autan.</strong></span> <span class='ocrx_word' id='word_1_358' title='bbox 1208 3663 1265 3730; x_wconf 85' lang='lat' dir='ltr'><strong>pag.</strong></span> <span class='ocrx_word' id='word_1_359' title='bbox 1291 3635 1339 3693; x_wconf 88' lang='grc'><strong>995</strong></span> 
     </span>
     <span class='ocr_line' id='line_1_41' title="bbox 233 3703 1339 3787; baseline -0.002 -21"><span class='ocrx_word' id='word_1_360' title='bbox 233 3715 315 3768; x_wconf 84' lang='lat' dir='ltr'><strong>Trist.</strong></span> <span class='ocrx_word' id='word_1_361' title='bbox 328 3718 374 3782; x_wconf 89' lang='lat' dir='ltr'><strong>lV,</strong></span> <span class='ocrx_word' id='word_1_362' title='bbox 393 3719 435 3781; x_wconf 88' lang='grc'><strong>10,</strong></span> <span class='ocrx_word' id='word_1_363' title='bbox 452 3715 619 3770; x_wconf 64' lang='lat' dir='ltr'><strong>Mcornss&#39;na</strong></span> <span class='ocrx_word' id='word_1_364' title='bbox 632 3735 661 3768; x_wconf 86' lang='lat' dir='ltr'><strong>se</strong></span> <span class='ocrx_word' id='word_1_365' title='bbox 671 3718 776 3787; x_wconf 86' lang='lat' dir='ltr'><strong>populo</strong></span> <span class='ocrx_word' id='word_1_366' title='bbox 817 3719 869 3771; x_wconf 88' lang='lat' dir='ltr'><strong>Dio</strong></span> <span class='ocrx_word' id='word_1_367' title='bbox 889 3719 1015 3782; x_wconf 80' lang='lat' dir='ltr'><strong>XLVIII,</strong></span> <span class='ocrx_word' id='word_1_368' title='bbox 1037 3718 1063 3773; x_wconf 78' lang='grc'><strong>3.</strong></span> <span class='ocrx_word' id='word_1_369' title='bbox 1089 3715 1159 3768; x_wconf 81' lang='lat' dir='ltr'><strong>conf.</strong></span> <span class='ocrx_word' id='word_1_370' title='bbox 1185 3718 1247 3766; x_wconf 86' lang='lat' dir='ltr'><strong>Vsta</strong></span> <span class='ocrx_word' id='word_1_371' title='bbox 1263 3703 1339 3774; x_wconf 55' lang='lat' dir='ltr'><strong>virgil.</strong></span> 
     </span>
     <span class='ocr_line' id='line_1_42' title="bbox 233 3784 1325 3856; baseline 0.006 -22"><span class='ocrx_word' id='word_1_372' title='bbox 233 3784 368 3838; x_wconf 80' lang='lat' dir='ltr'><strong>s&#39;uslenils’a</strong></span> <span class='ocrx_word' id='word_1_373' title='bbox 389 3787 490 3856; x_wconf 80' lang='lat' dir='ltr'><strong>legisse</strong></span> <span class='ocrx_word' id='word_1_374' title='bbox 510 3786 563 3848; x_wconf 87' lang='lat' dir='ltr'><strong>ait,</strong></span> <span class='ocrx_word' id='word_1_375' title='bbox 580 3785 615 3838; x_wconf 87' lang='lat' dir='ltr'><strong>ad</strong></span> <span class='ocrx_word' id='word_1_376' title='bbox 635 3785 775 3837; x_wconf 88' lang='lat' dir='ltr'><strong>recitatio·-</strong></span> <span class='ocrx_word' id='word_1_377' title='bbox 815 3807 839 3840; x_wconf 91' lang='lat' dir='ltr'><strong>a.</strong></span> <span class='ocrx_word' id='word_1_378' title='bbox 854 3787 916 3843; x_wconf 80' lang='lat'><strong>724.</strong></span> <span class='ocrx_word' id='word_1_379' title='bbox 1320 3841 1325 3854; x_wconf 74' lang='grc'><strong>,</strong></span> 
     </span>
     <span class='ocr_line' id='line_1_43' title="bbox 232 3851 1336 3925; baseline 0.001 -24"><span class='ocrx_word' id='word_1_380' title='bbox 232 3868 279 3903; x_wconf 87' lang='lat' dir='ltr'><strong>nes</strong></span> <span class='ocrx_word' id='word_1_381' title='bbox 296 3871 360 3906; x_wconf 84' lang='lat' dir='ltr'><strong>sane</strong></span> <span class='ocrx_word' id='word_1_382' title='bbox 375 3863 487 3922; x_wconf 87' lang='lat' dir='ltr'><strong>spectat,</strong></span> <span class='ocrx_word' id='word_1_383' title='bbox 501 3873 551 3907; x_wconf 91' lang='lat' dir='ltr'><strong>nec</strong></span> <span class='ocrx_word' id='word_1_384' title='bbox 564 3854 774 3906; x_wconf 82' lang='lat' dir='ltr'><strong>tamenintlrea·</strong></span> <span class='ocrx_word' id='word_1_385' title='bbox 851 3855 928 3925; x_wconf 58' lang='lat'><strong>§.44</strong></span> <span class='ocrx_word' id='word_1_386' title='bbox 944 3854 1048 3906; x_wconf 86' lang='lat' dir='ltr'><strong>Iulium</strong></span> <span class='ocrx_word' id='word_1_387' title='bbox 1061 3855 1234 3906; x_wconf 78' lang='lat' dir='ltr'><strong>Montanum.</strong></span> <span class='ocrx_word' id='word_1_388' title='bbox 1258 3851 1336 3924; x_wconf 48' lang='lat' dir='ltr'><strong>liert?</strong></span> 
     </span>
     <span class='ocr_line' id='line_1_44' title="bbox 231 3914 1337 3992; baseline -0.001 -20"><span class='ocrx_word' id='word_1_389' title='bbox 231 3929 274 3972; x_wconf 88' lang='lat' dir='ltr'><strong>tro</strong></span> <span class='ocrx_word' id='word_1_390' title='bbox 295 3921 393 3974; x_wconf 79' lang='lat' dir='ltr'><strong>factum</strong></span> <span class='ocrx_word' id='word_1_391' title='bbox 413 3941 470 3975; x_wconf 86' lang='lat' dir='ltr'><strong>esse</strong></span> <span class='ocrx_word' id='word_1_392' title='bbox 489 3941 596 3976; x_wconf 88' lang='lat' dir='ltr'><strong>necesse</strong></span> <span class='ocrx_word' id='word_1_393' title='bbox 609 3933 658 3974; x_wconf 86' lang='lat' dir='ltr'><strong>est.</strong></span> <span class='ocrx_word' id='word_1_394' title='bbox 692 3923 775 3974; x_wconf 89' lang='lat' dir='ltr'><strong>Dice·</strong></span> <span class='ocrx_word' id='word_1_395' title='bbox 814 3925 879 3978; x_wconf 87' lang='lat' dir='ltr'><strong>cais</strong></span> <span class='ocrx_word' id='word_1_396' title='bbox 901 3935 929 3976; x_wconf 88' lang='lat' dir='ltr'><strong>et</strong></span> <span class='ocrx_word' id='word_1_397' title='bbox 942 3923 1058 3992; x_wconf 85' lang='lat' dir='ltr'><strong>elegiaca</strong></span> <span class='ocrx_word' id='word_1_398' title='bbox 1076 3921 1227 3990; x_wconf 81' lang='lat' dir='ltr'><strong>scripserat.</strong></span> <span class='ocrx_word' id='word_1_399' title='bbox 1249 3914 1337 3971; x_wconf 69' lang='lat' dir='ltr'><strong>Ovidffl</strong></span> 
     </span>
     <span class='ocr_line' id='line_1_45' title="bbox 230 3990 1336 4062; baseline -0.002 -22"><span class='ocrx_word' id='word_1_400' title='bbox 230 4006 322 4041; x_wconf 85' lang='lat' dir='ltr'><strong>mosne</strong></span> <span class='ocrx_word' id='word_1_401' title='bbox 338 3990 441 4043; x_wconf 86' lang='lat' dir='ltr'><strong>mimum</strong></span> <span class='ocrx_word' id='word_1_402' title='bbox 453 3991 565 4061; x_wconf 85' lang='lat' dir='ltr'><strong>aliquem</strong></span> <span class='ocrx_word' id='word_1_403' title='bbox 579 3993 606 4044; x_wconf 89' lang='lat' dir='ltr'><strong>in</strong></span> <span class='ocrx_word' id='word_1_404' title='bbox 621 4009 700 4044; x_wconf 88' lang='lat' dir='ltr'><strong>scens</strong></span> <span class='ocrx_word' id='word_1_405' title='bbox 711 4010 774 4044; x_wconf 89' lang='lat' dir='ltr'><strong>ver·</strong></span> <span class='ocrx_word' id='word_1_406' title='bbox 815 4013 847 4045; x_wconf 85' lang='lat' dir='ltr'><strong>ex</strong></span> <span class='ocrx_word' id='word_1_407' title='bbox 859 3996 889 4046; x_wconf 87' lang='lat' dir='ltr'><strong>P.</strong></span> <span class='ocrx_word' id='word_1_408' title='bbox 902 3995 948 4057; x_wconf 87' lang='lat' dir='ltr'><strong>IV,</strong></span> <span class='ocrx_word' id='word_1_409' title='bbox 971 3994 1012 4054; x_wconf 82' lang='lat'><strong>16,</strong></span> <span class='ocrx_word' id='word_1_410' title='bbox 1031 3992 1062 4046; x_wconf 89' lang='lat'><strong>11</strong></span> <span class='ocrx_word' id='word_1_411' title='bbox 1086 3994 1193 4062; x_wconf 83' lang='lat' dir='ltr'><strong>Quique</strong></span> <span class='ocrx_word' id='word_1_412' title='bbox 1211 3990 1336 4060; x_wconf 61' lang='lat' dir='ltr'><strong>uels&#39;mpuj</strong></span> 
     </span>
     <span class='ocr_line' id='line_1_46' title="bbox 231 4059 1336 4129; baseline 0 -21"><span class='ocrx_word' id='word_1_413' title='bbox 231 4075 275 4109; x_wconf 89' lang='lat' dir='ltr'><strong>sus</strong></span> <span class='ocrx_word' id='word_1_414' title='bbox 295 4075 310 4108; x_wconf 93' lang='lat' dir='ltr'><strong>e</strong></span> <span class='ocrx_word' id='word_1_415' title='bbox 321 4059 449 4112; x_wconf 88' lang='lat' dir='ltr'><strong>Bucolicis</strong></span> <span class='ocrx_word' id='word_1_416' title='bbox 463 4061 653 4129; x_wconf 89' lang='lat' dir='ltr'><strong>interposuisse</strong></span> <span class='ocrx_word' id='word_1_417' title='bbox 676 4070 703 4112; x_wconf 91' lang='lat' dir='ltr'><strong>et</strong></span> <span class='ocrx_word' id='word_1_418' title='bbox 713 4061 773 4112; x_wconf 88' lang='lat' dir='ltr'><strong>lau·</strong></span> <span class='ocrx_word' id='word_1_419' title='bbox 814 4061 891 4114; x_wconf 82' lang='lat' dir='ltr'><strong>ribus</strong></span> <span class='ocrx_word' id='word_1_420' title='bbox 901 4063 1031 4126; x_wconf 81' lang='lat' dir='ltr'><strong>numeris,</strong></span> <span class='ocrx_word' id='word_1_421' title='bbox 1043 4061 1189 4125; x_wconf 79' lang='lat' dir='ltr'><strong>Montana,</strong></span> <span class='ocrx_word' id='word_1_422' title='bbox 1208 4059 1252 4113; x_wconf 86' lang='lat' dir='ltr'><strong>uel</strong></span> <span class='ocrx_word' id='word_1_423' title='bbox 1260 4066 1336 4123; x_wconf 68' lang='lat' dir='ltr'><strong>aequtt</strong></span> 
     </span>
     <span class='ocr_line' id='line_1_47' title="bbox 230 4127 1335 4250; baseline 0 -73"><span class='ocrx_word' id='word_1_424' title='bbox 230 4127 326 4180; x_wconf 79' lang='lat' dir='ltr'><strong>desse?</strong></span> <span class='ocrx_word' id='word_1_425' title='bbox 354 4130 405 4179; x_wconf 89' lang='lat' dir='ltr'><strong>lam</strong></span> <span class='ocrx_word' id='word_1_426' title='bbox 418 4147 481 4180; x_wconf 81' lang='lat' dir='ltr'><strong>vero</strong></span> <span class='ocrx_word' id='word_1_427' title='bbox 495 4129 561 4182; x_wconf 92' lang='lat' dir='ltr'><strong>illud</strong></span> <span class='ocrx_word' id='word_1_428' title='bbox 572 4148 676 4213; x_wconf 78' lang='lat' dir='ltr'><strong>guoque</strong></span> <span class='ocrx_word' id='word_1_429' title='bbox 691 4139 773 4182; x_wconf 89' lang='lat' dir='ltr'><strong>uota·</strong></span> <span class='ocrx_word' id='word_1_430' title='bbox 814 4130 937 4250; x_wconf 49' lang='lat' dir='ltr'><strong>Sufficit,</strong></span> <span class='ocrx_word' id='word_1_431' title='bbox 960 4143 988 4182; x_wconf 83' lang='lat' dir='ltr'><strong>et</strong></span> <span class='ocrx_word' id='word_1_432' title='bbox 1001 4133 1109 4212; x_wconf 80' lang='lat' dir='ltr'><strong>genuino</strong></span> <span class='ocrx_word' id='word_1_433' title='bbox 1126 4133 1335 4202; x_wconf 62' lang='lat' dir='ltr'><strong>numinensium</strong></span> 
     </span>
     <span class='ocr_line' id='line_1_48' title="bbox 230 4192 1334 4268; baseline 0.002 -21"><span class='ocrx_word' id='word_1_434' title='bbox 230 4195 300 4260; x_wconf 86' lang='lat' dir='ltr'><strong>bile,</strong></span> <span class='ocrx_word' id='word_1_435' title='bbox 317 4197 388 4266; x_wconf 91' lang='lat' dir='ltr'><strong>quod</strong></span> <span class='ocrx_word' id='word_1_436' title='bbox 402 4197 453 4249; x_wconf 88' lang='lat' dir='ltr'><strong>iarn</strong></span> <span class='ocrx_word' id='word_1_437' title='bbox 466 4199 599 4251; x_wconf 77' lang='lat' dir='ltr'><strong>Ciceronis</strong></span> <span class='ocrx_word' id='word_1_438' title='bbox 620 4211 706 4252; x_wconf 85' lang='lat' dir='ltr'><strong>aetate</strong></span> <span class='ocrx_word' id='word_1_439' title='bbox 721 4201 774 4250; x_wconf 89' lang='lat' dir='ltr'><strong>nu&#39;-</strong></span> <span class='ocrx_word' id='word_1_440' title='bbox 815 4201 852 4252; x_wconf 79' lang='lat' dir='ltr'><strong>Im</strong></span> <span class='ocrx_word' id='word_1_441' title='bbox 870 4218 907 4251; x_wconf 85' lang='lat' dir='ltr'><strong>es.</strong></span> <span class='ocrx_word' id='word_1_442' title='bbox 932 4192 1127 4251; x_wconf 80' lang='lat' dir='ltr'><strong>Memnit&#39;eius</strong></span> <span class='ocrx_word' id='word_1_443' title='bbox 1145 4203 1245 4252; x_wconf 75' lang='lat' dir='ltr'><strong>Seneca</strong></span> <span class='ocrx_word' id='word_1_444' title='bbox 1268 4195 1334 4268; x_wconf 48' lang='lat' dir='ltr'><strong>qu*</strong></span> 
     </span>
     <span class='ocr_line' id='line_1_49' title="bbox 231 4261 1335 4334; baseline -0.005 -18"><span class='ocrx_word' id='word_1_445' title='bbox 231 4283 276 4316; x_wconf 89' lang='lat' dir='ltr'><strong>mu</strong></span> <span class='ocrx_word' id='word_1_446' title='bbox 289 4263 317 4316; x_wconf 89' lang='lat' dir='ltr'><strong>in</strong></span> <span class='ocrx_word' id='word_1_447' title='bbox 331 4268 516 4320; x_wconf 86' lang='lat' dir='ltr'><strong>soenallonsse</strong></span> <span class='ocrx_word' id='word_1_448' title='bbox 529 4279 701 4330; x_wconf 60' lang='lat' dir='ltr'><strong>memoratum</strong></span> <span class='ocrx_word' id='word_1_449' title='bbox 716 4285 772 4319; x_wconf 87' lang='lat' dir='ltr'><strong>oum</strong></span> <span class='ocrx_word' id='word_1_450' title='bbox 815 4269 915 4320; x_wconf 83' lang='lat' dir='ltr'><strong>CXXII</strong></span> <span class='ocrx_word' id='word_1_451' title='bbox 930 4267 1076 4322; x_wconf 64' lang='lat' dir='ltr'><strong>mambae</strong></span> <span class='ocrx_word' id='word_1_452' title='bbox 1094 4269 1248 4321; x_wconf 83' lang='lat' dir='ltr'><strong>Montanus</strong></span> <span class='ocrx_word' id='word_1_453' title='bbox 1262 4261 1335 4334; x_wconf 69' lang='lat' dir='ltr'><strong>Iulius</strong></span> 
     </span>
     <span class='ocr_line' id='line_1_50' title="bbox 229 4333 1334 4406; baseline 0 -20"><span class='ocrx_word' id='word_1_454' title='bbox 229 4333 384 4388; x_wconf 84' lang='lat' dir='ltr'><strong>Ierninarum</strong></span> <span class='ocrx_word' id='word_1_455' title='bbox 396 4345 486 4406; x_wconf 77' lang='lat' dir='ltr'><strong>partes</strong></span> <span class='ocrx_word' id='word_1_456' title='bbox 498 4336 642 4390; x_wconf 82' lang='lat' dir='ltr'><strong>histriones</strong></span> <span class='ocrx_word' id='word_1_457' title='bbox 662 4346 690 4389; x_wconf 89' lang='lat' dir='ltr'><strong>et</strong></span> <span class='ocrx_word' id='word_1_458' title='bbox 701 4335 773 4388; x_wconf 80' lang='lat' dir='ltr'><strong>mimi</strong></span> <span class='ocrx_word' id='word_1_459' title='bbox 815 4357 938 4401; x_wconf 75' lang='lat' dir='ltr'><strong>emnsen,</strong></span> <span class='ocrx_word' id='word_1_460' title='bbox 955 4335 1106 4390; x_wconf 76' lang='lat' dir='ltr'><strong>tolerabilis</strong></span> <span class='ocrx_word' id='word_1_461' title='bbox 1117 4351 1216 4406; x_wconf 82' lang='lat' dir='ltr'><strong>poeto,</strong></span> <span class='ocrx_word' id='word_1_462' title='bbox 1242 4347 1267 4387; x_wconf 84' lang='lat' dir='ltr'><strong>et</strong></span> <span class='ocrx_word' id='word_1_463' title='bbox 1280 4345 1334 4382; x_wconf 67' lang='lat' dir='ltr'><strong>m·</strong></span> 
     </span>
     <span class='ocr_line' id='line_1_51' title="bbox 228 4396 1339 4488; baseline 0 -33"><span class='ocrx_word' id='word_1_464' title='bbox 228 4415 343 4473; x_wconf 81' lang='lat' dir='ltr'><strong>agerent.</strong></span> <span class='ocrx_word' id='word_1_465' title='bbox 386 4409 410 4458; x_wconf 77' lang='lat' dir='ltr'>A</span> <span class='ocrx_word' id='word_1_466' title='bbox 436 4407 606 4488; x_wconf 82' lang='lat' dir='ltr'><strong>grammatico</strong></span> <span class='ocrx_word' id='word_1_467' title='bbox 627 4407 692 4458; x_wconf 85' lang='lat' dir='ltr'><strong>dicti</strong></span> <span class='ocrx_word' id='word_1_468' title='bbox 714 4416 773 4458; x_wconf 85' lang='lat' dir='ltr'><strong>suut</strong></span> <span class='ocrx_word' id='word_1_469' title='bbox 814 4408 881 4458; x_wconf 83' lang='lat' dir='ltr'><strong>citio</strong></span> <span class='ocrx_word' id='word_1_470' title='bbox 897 4405 1000 4460; x_wconf 78' lang='lat' dir='ltr'><strong>Ts&#39;bars&#39;s‘</strong></span> <span class='ocrx_word' id='word_1_471' title='bbox 1010 4417 1094 4458; x_wconf 83' lang='lat' dir='ltr'><strong>notus</strong></span> <span class='ocrx_word' id='word_1_472' title='bbox 1114 4417 1141 4456; x_wconf 83' lang='lat' dir='ltr'><strong>es</strong></span> <span class='ocrx_word' id='word_1_473' title='bbox 1149 4405 1266 4477; x_wconf 81' lang='lat' dir='ltr'><strong>frigore.</strong></span> <span class='ocrx_word' id='word_1_474' title='bbox 1295 4396 1339 4449; x_wconf 53' lang='lat' dir='ltr'><strong>Af*</strong></span> 
     </span>
     <span class='ocr_line' id='line_1_52' title="bbox 228 4467 1333 4538; baseline -0.003 -10"><span class='ocrx_word' id='word_1_475' title='bbox 228 4486 363 4530; x_wconf 73' lang='lat' dir='ltr'><strong>emtores.</strong></span> <span class='ocrx_word' id='word_1_476' title='bbox 386 4475 535 4531; x_wconf 77' lang='lat' dir='ltr'><strong>Sertoribus</strong></span> <span class='ocrx_word' id='word_1_477' title='bbox 547 4476 679 4530; x_wconf 86' lang='lat' dir='ltr'><strong>aetatibus</strong></span> <span class='ocrx_word' id='word_1_478' title='bbox 692 4475 772 4528; x_wconf 86' lang='lat' dir='ltr'><strong>etiam</strong></span> <span class='ocrx_word' id='word_1_479' title='bbox 814 4475 932 4528; x_wconf 75' lang='lat' dir='ltr'><strong>teruntur</strong></span> <span class='ocrx_word' id='word_1_480' title='bbox 947 4473 1046 4528; x_wconf 84' lang='lat' dir='ltr'><strong>ibidem</strong></span> <span class='ocrx_word' id='word_1_481' title='bbox 1060 4491 1150 4528; x_wconf 83' lang='lat' dir='ltr'><strong>versus</strong></span> <span class='ocrx_word' id='word_1_482' title='bbox 1168 4493 1201 4527; x_wconf 80' lang='lat' dir='ltr'><strong>ex</strong></span> <span class='ocrx_word' id='word_1_483' title='bbox 1217 4493 1261 4538; x_wconf 88' lang='lat' dir='ltr'><strong>eo,</strong></span> <span class='ocrx_word' id='word_1_484' title='bbox 1276 4467 1333 4520; x_wconf 85' lang='lat' dir='ltr'><strong>tole·</strong></span> 
     </span>
    </p>
   </div>
   <div class='ocr_carea' id='block_1_6' title="bbox 0 0 1360 4998">
    <p class='ocr_par' dir='ltr' id='par_1_8' title="bbox 0 0 1360 4998">
     <span class='ocr_line' id='line_1_53' title="bbox 0 0 1360 4998; baseline 0 2"><span class='ocrx_word' id='word_1_485' title='bbox 0 0 1360 4998; x_wconf 95' lang='lat' dir='ltr'><strong> </strong></span> 
     </span>
    </p>
   </div>
  </div>
 </body>
</html>
