2710 4998
247 356 369 434 VITA
391 357 434 432 P.
459 355 675 434 VIRGILII
700 355 936 435 MARONIS
1104 381 1154 434 cv

52 553 139 624 poeta,
159 565 223 606 nou
237 547 319 626 prius
330 545 527 627 persequendi
539 547 607 606 ficiis
626 547 698 623 fiat,
721 567 811 626 quam
825 567 856 606 se
869 549 901 608 iu
912 545 1041 608 fluvium
1053 547 1153 628 Virgi-

50 630 281 692 limooniecisset.
326 633 386 694 Sed
397 642 515 714 postea,
538 631 722 709 Maecenate,
745 642 776 693 et
792 633 939 710 Pollione,
961 642 992 694 et
1007 635 1073 715 ipso
1087 633 1153 695 Διι-

48 727 119 794 gusto
135 717 313 794 laventibus,
335 741 422 798 agros
436 739 504 779 suos
517 720 639 799 recepit.
988 744 991 752 ¹

116 802 226 862 xxtlt
246 807 374 864 Intentio
394 805 480 882 libri,
512 823 604 882 quam
627 799 743 868 orontio
761 803 868 862 Graeci
891 814 1020 880 vocant,
1048 805 1195 867 imita-97

47 887 110 946 tione
131 886 280 948 Theocriti
300 899 409 970 poetae
430 891 641 966 constituitur,
679 889 732 968 qui
752 889 869 949 Siculus
896 899 927 949 et
947 893 1152 970 Syracusanus

46 973 96 1032 tait
138 973 193 1033 Est
210 975 337 1035 intentio
360 975 451 1035 etiam
473 977 506 1036 in
529 975 649 1036 laudem
667 976 815 1050 Caesaris,
843 983 874 1034 et
890 975 1059 1056 principum
1071 987 1153 1037 cete-

44 1077 233 1206 ffitlh
244 1081 321 1206 tt:
333 1061 703 1224 {titlttttttlh
714 1061 873 1226 {tltpt
884 1060 1153 1210 tilithi?

44 1229 142 1302 Queat
159 1232 252 1310 solet,
281 1254 337 1293 cur
354 1255 416 1294 non
431 1234 532 1313 plures
554 1253 644 1312 quam
663 1233 768 1292 docem
789 1233 912 1311 Eclogas
931 1234 1197 1314 conscripserit298

42 1316 109 1390 quod
129 1335 320 1396 neququam
337 1319 511 1380 mirandum
523 1319 677 1380 videbitur
691 1319 735 1392 ei,
758 1319 808 1397 qui
823 1317 1058 1380 consideraverit
1071 1329 1155 1378 aeta-

42 1411 90 1460 tem
101 1421 262 1464 manuum
281 1405 493 1485 pastoralium,
516 1424 592 1484 quae
610 1405 691 1464 ultra
711 1402 795 1464 hunc
807 1423 967 1464 numerum
980 1425 1040 1464 non
1055 1413 1156 1484 potest

43 1489 170 1565 posteri,
192 1492 371 1569 praesertim
392 1509 461 1550 eum
481 1491 543 1571 ipse
560 1501 649 1570 poeta
665 1489 907 1569 circumspectior
921 1487 1097 1566 Theocrito,
1119 1498 1157 1550 ut
1216 1508 1222 1528 ³

42 1576 90 1650 ipsa
104 1593 152 1633 res
163 1575 298 1650 indicet,
323 1576 464 1636 videatur
477 1586 625 1652 metuere,
646 1597 684 1636 ne
697 1577 747 1634 illa
759 1576 883 1654 Ecloga,
905 1595 982 1654 quae
995 1575 1090 1636 Pollio
1104 1576 1154 1636 in-

42 1659 189 1734 aditur,
213 1663 315 1721 minus
329 1663 442 1722 mastica
458 1663 616 1738 videatur,
639 1681 708 1722 omn
726 1662 823 1742 ipsam
843 1662 886 1720 sic
896 1671 1069 1742 praestruat
1080 1661 1154 1742 ipse,

42 1742 142 1820 dicem,
164 1747 311 1806 Sicelides
335 1751 464 1826 Musae,
482 1749 593 1826 purello
614 1751 908 1806 nmiomcanamue:
933 1747 1055 1807 elidem
1069 1747 1154 1806 simi·

42 1827 96 1888 iter
107 1833 139 1890 in
151 1831 220 1890 aliis
232 1832 352 1893 duabus
366 1834 446 1894 facit
489 1833 568 1893 lllud
581 1833 745 1894 tenendum
758 1851 819 1892 esse
832 1832 1031 1912 praedicimus
1045 1833 1077 1892 in
1091 1834 1154 1900 Bu·
1162 1837 1197 1892 99

43 1915 126 1975 (olida
138 1917 270 1996 Virgilii,
291 1937 389 1996 nequa
407 1939 564 1998 nusquam,
586 1937 681 1998 neque
695 1919 805 1997 ubique
818 1918 930 1996 aliquid
946 1919 1073 1998 figurate
1086 1919 1155 1996 dici,

42 1999 88 2060 loo
107 2011 173 2078 est,
206 2023 263 2084 per
286 2005 465 2082 allegoriam.
514 2005 574 2064 Vix
594 2005 673 2064 enim
691 2013 814 2084 propter
836 2004 956 2064 laudem
975 2004 1106 2064 Caesaris
1124 2012 1156 2064 et

42 2089 147 2147 masos
165 2108 255 2168 agros
275 2088 351 2148 haec
373 2091 495 2170 Virgilio
515 2089 740 2168 conceduntur,
768 2109 836 2150 cum
850 2089 1044 2166 Theocritus,
1066 2109 1157 2170 quem

41 2171 81 2232 hic
98 2183 200 2234 amtor
221 2184 290 2236 toto
308 2175 411 2236 studio
438 2176 553 2236 imitari
572 2185 718 2254 conatur,
745 2175 918 2256 simpliciter
939 2176 1061 2236 omnino
1081 2196 1156 2236 oon·

41 2259 187 2340 suipsoeit.

113 2363 226 2424 XXIV.
248 2363 343 2439 Quod
355 2373 457 2426 autem
472 2365 505 2426 in
517 2365 583 2446 ipso
596 2363 726 2426 carmine
738 2365 863 2426 tractari
877 2365 968 2442 solet,
991 2373 1036 2425 est
1048 2363 1216 2424 nume-100

42 2469 92 2522 me,
113 2451 197 2526 cedo,
218 2451 405 2528 explanatio.
441 2451 594 2511 Numerus
606 2453 781 2532 Eclogarum
796 2449 970 2510 manifestus
983 2459 1038 2510 est.
1080 2450 1156 2510 Nam
1165 2453 1214 2506 101

41 2531 130 2594 &oua
142 2545 234 2596 aunt:
256 2555 296 2596 ex
308 2537 418 2616 quibua
430 2538 550 2617 proprie
564 2538 719 2598 Bucolicae
734 2537 786 2598 Vll
807 2555 869 2595 esse
882 2535 1067 2596 creduntur:
1089 2556 1158 2595 nam

41 2629 93 2678 na
106 2621 229 2681 ultimae
241 2623 364 2703 proprie
376 2622 532 2682 Bucolicae
550 2623 610 2683 dici
627 2645 690 2683 non
705 2623 831 2698 debent,
850 2621 946 2681 Pollio
956 2621 1083 2692 scilicet,
1108 2621 1157 2679 si·
1195 2617 1199 2642 '

41 2705 126 2782 lmus,
148 2717 180 2768 et
202 2707 316 2768 Gallus.
358 2709 459 2768 Prima
474 2709 564 2788 igitur
582 2710 718 2770 continet
739 2707 980 2786 conquestionem
999 2705 1157 2786 publicam,

42 2801 67 2848 st
84 2794 230 2872 privatam
251 2793 542 2874 congratulationem
561 2795 599 2854 de
622 2815 710 2875 agro,
741 2802 773 2852 et
793 2792 906 2852 dicitur
925 2793 1058 2870 Tityrus.
1102 2791 1158 2849 Se-

43 2879 129 2938 cunda
149 2899 285 2940 amorem
304 2881 409 2960 pueri,
438 2889 469 2938 et
487 2879 599 2942 dicitm
618 2880 729 2940 Alexis.
772 2878 875 2938 Tertia
886 2887 1038 2937 certamen
1054 2884 1159 2956 pasto-

43 2983 114 3040 rum,
136 2975 168 3024 et
186 2965 301 3025 dicitur
316 2966 483 3026 Palaemon.
527 2965 644 3041 Quarta
659 2961 893 3046 genethliacum,
923 2971 954 3022 et
966 2962 1078 3022 dicitur
1087 2962 1159 3021 Pol·

43 3047 85 3106 lio.
122 3051 238 3126 Quinta
252 3051 455 3132 epitaphium,
477 3051 630 3114 etdicitur
644 3049 786 3132 Daphnis.
828 3053 920 3109 Sexta
934 3046 1159 3128 metamorpho-

44 3135 98 3208 sin,
121 3148 152 3196 et
173 3137 288 3197 dicitur
309 3138 426 3212 Varus,
454 3147 486 3197 et
507 3137 632 3198 Silenus.
681 3137 813 3217 Septima
833 3155 948 3196 amores
969 3135 1159 3196 diversorum

45 3237 175 3300 uuum,
207 3231 237 3280 st
257 3223 372 3283 dicitur
390 3223 541 3302 Corydon.
584 3224 700 3284 Octava
721 3221 979 3297 Pharmaceutria,
1001 3231 1031 3279 et
1044 3219 1158 3278 dicitur

44 3303 156 3368 liemon.
197 3309 286 3368 Nona
306 3309 440 3370 continet
456 3319 561 3390 poetae
577 3309 820 3389 conquestionem
844 3308 881 3367 dc
895 3307 1004 3368 amisso
1019 3326 1105 3384 agro,
1128 3311 1159 3364 et

47 3389 145 3454 didtsar
172 3393 292 3454 Moeris.
352 3395 472 3454 Decima
499 3395 680 3456 desiderium
707 3395 801 3470 Galli,
845 3402 876 3453 et
900 3391 1012 3452 dicitur
1027 3453 1030 3460 ,
1046 3389 1157 3448 Gallus.

46 3475 127 3548 Quod
144 3479 183 3538 ad
206 3481 342 3540 cedrium
359 3488 492 3559 spectat,
521 3481 596 3542 illud
614 3482 687 3542 scire
701 3479 857 3556 debemus,
879 3479 911 3538 in
927 3476 1026 3558 prima
1038 3475 1220 3534 tantum102

47 3571 73 3620 et
92 3565 192 3624 ultim
211 3566 323 3646 Ecloga
344 3575 465 3646 poetam
485 3568 615 3627 voluisse
635 3566 772 3627 ordinem
800 3583 936 3638 servam
965 3558 1106 3638 quoniam
1126 3557 1160 3616 in

48 3645 129 3708 alten
143 3652 325 3734 principium
340 3651 513 3712 constituit:
533 3654 614 3714 utin
629 3651 780 3732 Georgicis
795 3650 853 3708 ait:
886 3651 985 3725 Tityre
996 3655 1023 3700 ee
1033 3643 1160 3722 patulae

80 3833 149 3900 W·
170 3839 295 3892 lamatio
318 3835 392 3892 labri.
426 3837 524 3891 Eadem
547 3837 575 3890 in
616 3838 676 3890 dem
695 3833 853 3902 Eclogaram
872 3827 943 3882 tituli
964 3826 1100 3878 commoda
1113 3845 1161 3878 ex-

52 3903 111 3953 iffl·
123 3905 217 3976 Mb·
233 3909 259 3962 8·
616 3905 704 3979 pressi
717 3913 786 3956 aunt.
1068 3963 1075 3976 ι

81 3973 153 4038 §9⁸-
172 3979 274 4040 Quaeri
293 3975 375 4028 soles.
408 3973 463 4028 vt:
477 3975 576 4026 habeas
668 3975 829 4028 Palaemon.
869 3969 978 4018 aneton.
1006 3962 1040 4044 dp
1067 3963 1163 4015 illustr.

54 4039 141 4106 ἄεν,
161 4055 215 4096 atra
235 4043 363 4098 stolidior
378 4043 428 4111 eit,
446 4043 577 4116 quaestio·
618 4047 762 4098 Grammat.
783 4057 806 4090 o.
825 4035 862 4089 28
879 4034 916 4114 ¹(le
937 4033 1053 4111 hemme
1067 4033 1164 4084 Pulue-

55 4125 83 4158 Ι
93 4129 121 4162 n
134 4111 184 4164 cias
198 4113 307 4166 solutio.
619 4129 708 4168 moue:
727 4113 902 4176 Arrogantra
910 4098 971 4170 sure
984 4111 1077 4180 emito,
1094 4113 1164 4152 et·-

86 4181 159 4246 599.
186 4201 274 4254 nsque
299 4199 452 4254 nusquarr,
488 4199 576 4252 nsque
617 4199 715 4236 nonsart
736 4191 817 4229 suum
839 4173 869 4223 in
892 4168 1028 4221 Bacchas
1045 4186 1101 4220 non
1122 4182 1166 4222 ts-

61 4243 151 4328 ·iipm
164 4251 215 4304 hoc
228 4269 293 4304 vero
315 4251 577 4304 acutedixitGram-
619 4261 693 4305 neore
739 4245 856 4304 osieam,
889 4237 952 4298 sed,
973 4239 1168 4318 praesagiepte
1213 4255 1219 4264 ·

61 4329 152 4371 m
182 4323 280 4374 suem
298 4321 327 4372 in
344 4325 418 4373 Sars.
437 4319 492 4372 hl.
515 4321 578 4389 Μ.
624 4320 705 4388 Virgi
728 4333 760 4376 o,
778 4309 846 4382 sors
866 4305 1030 4376 quandoque
1053 4322 1170 4358 omarum

66 4387 94 4434 Ἀ
107 4387 257 4462 riti-disput.
268 4391 305 4444 de
316 4387 440 4442 bucolico
453 4391 579 4441 consum.
618 4398 769 4463 poetarum
793 4395 826 4429 oe
843 4385 1000 4449 poematum
1025 4373 1171 4428 Palaemo-

89 4455 170 4522 blol.
187 4463 278 4514 l'n'mo
292 4461 392 4531 igitur.
423 4459 464 4512 Nc
477 4459 506 4511 ht
519 4457 580 4530 qui·
624 4475 686 4512 nem
700 4450 824 4506 iudicem·
