2730 5016
210 377 286 454 664
456 375 497 450 P.
524 371 786 450 VIRGILII
811 370 1089 448 MARONIS

212 561 316 638 Talis
330 560 593 658 Hyperboreo
612 560 777 660 Septem
794 557 969 634 subiecta
984 558 1105 633 trioni

211 670 318 741 Gens
336 659 489 738 effrena
505 665 635 737 virum
651 661 834 762 Rhipaeo
852 662 1034 737 tunditur
1046 665 1172 758 Euro,

209 772 260 844 Et
274 767 477 868 pecudum
494 763 609 842 fulvis
625 765 776 842 velatur
793 789 961 866 corpore
977 767 1103 842 saetis.

263 871 304 946 Si
320 870 390 944 tibi
408 870 587 946 lanitium
603 893 736 946 curae:
762 870 938 970 primurn
956 893 1092 971 aspere
1107 865 1224 958 silva,

245 1097 295 1150 881
315 1095 386 1160 Quin
404 1105 431 1145 et
451 1095 487 1146 Η.
511 1091 599 1144 Schol.
622 1093 716 1144 Horat.
741 1092 789 1144 od.
812 1093 838 1144 tt
857 1103 932 1157 extr,
957 1091 1004 1144 ssd
1025 1090 1135 1160 vulgate
1155 1087 1228 1156 epod
1245 1087 1324 1136 Donet

209 1163 332 1218 Priscian
356 1164 460 1215 Bedem.
495 1164 541 1229 Hy
561 1161 681 1214 erboreis
705 1162 776 1213 Tull.
796 1161 967 1233 (Yperboreo
986 1161 1098 1222 Medic..
1122 1161 1143 1212 Ιι
1165 1157 1248 1210 minio
1262 1172 1326 1224 nprt

210 1251 244 1304 ep
264 1234 322 1285 iste.
342 1231 414 1299 Wnl
466 1233 518 1286 382
532 1181 645 1284 ‘itania
659 1223 712 1298 ὅρη
728 1231 859 1283 scribitur.
878 1233 922 1298 (cl.
938 1231 1076 1282 notetsed
1089 1227 1243 1290 (le-Lm·
1265 1225 1323 1279 tt'et

210 1305 250 1358 ³·
280 1303 471 1354 velaturrecte
486 1299 576 1352 Heius.
592 1301 724 1370 reposuit,
748 1311 879 1370 temquern
895 1301 1040 1368 elegantius
1076 1317 1105 1350 er
1122 1297 1326 1366 gmecimmt

210 1373 343 1434 linusano,
362 1379 390 1422 et
402 1370 454 1422 elio
469 1369 590 1422 Pierienu
612 1389 676 1422 eru.
692 1387 741 1439 pn,
758 1370 823 1422 item
837 1371 966 1422 Gudisno.
1002 1389 1035 1420 ve
1058 1381 1127 1420 usur
1141 1369 1212 1418 Ven.
1248 1365 1326 1418 eall*

211 1453 258 1492 tur
276 1440 383 1493 Welef.
403 1440 438 1492 ed
458 1441 563 1491 Lucret.
585 1441 639 1504 IV,
663 1440 722 1493 591.
746 1439 791 1490 ubi
812 1442 901 1492 Pinea
923 1437 1045 1510 semiferi
1062 1439 1168 1509 capitis
1188 1435 1327 1486 vulturinis

210 1527 347 1581 quassans
360 1525 410 1577 pro
424 1509 560 1562 velentiae
579 1507 721 1560 intulerunt
739 1509 787 1560 riri
802 1509 889 1571 docti,
911 1509 1064 1560 recordatus
1081 1506 1162 1558 huius
1179 1505 1233 1556 luci
1248 1503 1326 1554 vatte-

210 1591 299 1630 turre
319 1578 422 1630 onendo
441 1577 546 1646 egregie
559 1577 645 1630 locum
659 1596 764 1630 senene
784 1594 813 1630 te
831 1579 993 1647 pronuntiat.
1027 1580 1061 1628 tt
1073 1573 1228 1643 Naugerius
1245 1573 1326 1624 dodun

209 1647 263 1700 boe
284 1598 354 1700 idem
373 1657 536 1716 expresserat
556 1647 615 1700 sld.
638 1659 714 1709 tert.;
737 1647 871 1700 redicrent
888 1657 974 1698 temen
994 1645 1126 1708 editores,
1153 1655 1184 1694 ut
1197 1641 1324 1694 menes

210 1716 269 1768 eliis
282 1717 309 1767 in
321 1715 404 1782 locis,
421 1717 455 1768 ed
470 1717 602 1783 vulgarem
615 1713 753 1768 lectionem
768 1717 907 1778 velaretur,
923 1734 990 1785 quse
1003 1715 1102 1766 insidet
1117 1711 1232 1782 reliquis
1247 1711 1323 1763 cedd:

211 1786 290 1837 etiem
303 1785 397 1838 Medic.
409 1787 548 1856 flustiiste
580 1804 601 1837 r.
615 1785 659 1852 m.)
677 1787 815 1838 velantur.
850 1786 982 1849 (Veletur
999 1796 1078 1836 uotee
1093 1782 1181 1836 Servii
1194 1800 1241 1850 sp.
1257 1783 1323 1830 bern

209 1855 376 1924 praefigitur3
394 1855 442 1906 sed
458 1855 524 1906 eliee
537 1805 613 1906 editt.
629 1873 686 1906 cunr
708 1855 767 1906 cod.
784 1848 876 1908 Dresd.
896 1855 1041 1916 velantur,
1057 1853 1151 1905 velsic
1167 1851 1246 1902 selvo
1262 1867 1324 1918 gree

210 1923 306 2004 cismo,
330 1923 354 1974 si
368 1941 400 1974 ex
417 1941 573 2005 praegresso
587 1927 677 2006 virens
694 1924 832 1994 repetieris
852 1926 915 1976 uiri.
950 1929 983 1974 At
999 1923 1109 1992 plurelis
1127 1921 1206 1972 verbi
1221 1919 1323 2000 ,debetur

208 1993 477 2113 sentens
489 1990 1324 2129 ceretu·t·‚teser-testreet

208 2128 231 2180 si
243 2129 398 2180 senteutiam
412 2130 564 2182 excusseris.
595 2134 737 2202 Temquem
751 2131 869 2186 inutilem
887 2129 1036 2182 rescindere
1049 2147 1157 2198 quoque
1168 2128 1275 2179 solebat
1286 2129 1323 2176 len

207 2199 304 2266 Brynrn
317 2199 395 2250 modo
409 2217 425 2250 s
439 2215 481 2249 me
497 2199 627 2252 leudetus.
662 2202 758 2253 Pedem
772 2202 864 2252 fixerat
876 2210 957 2269 poete
974 2199 1001 2250 iu
1015 2199 1077 2250 loco
1093 2198 1209 2250 lubrico.
1236 2199 1322 2248 nma-

206 2266 273 2318 tioui
286 2267 415 2319 finiendae
427 2268 583 2320 sententium
597 2269 726 2322 subiicere
738 2271 845 2322 volebet
858 2270 940 2321 hene:
958 2271 998 2320 lte
1010 2269 1104 2319 vivunt
1117 2267 1213 2350 populi
1222 2277 1324 2336 septen-

207 2335 357 2388 trionalium
370 2345 507 2389 terrerum.
542 2340 617 2402 llos,
635 2349 664 2390 ut
678 2349 772 2408 poete,
790 2357 885 2392 ornere
899 2337 999 2389 debuit
1035 2338 1098 2400 Pro,
1116 2347 1157 2388 rte
1170 2335 1270 2396 virent,
1285 2334 1323 2384 lus

208 2475 284 2526 ditur
296 2479 373 2527 Euro
385 2494 456 2547 gens
468 2489 496 2526 et
507 2477 617 2528 velatur
629 2480 714 2530 suetis
727 2480 877 2551 pecudum:
894 2475 1001 2546 frigoris
1013 2475 1067 2527 eim
1080 2475 1226 2546 experitur,
1246 2485 1272 2524 et
1284 2471 1322 2522 ed·

207 2561 297 2595 versus
314 2543 387 2595 illem
403 2545 545 2598 velleribus
563 2547 677 2598 leserunt
696 2565 791 2616 corpus
810 2547 899 2598 munit.
981 2545 1035 2601 384
1058 2546 1193 2598 laeticiam
1214 2543 1319 2596 emta

207 2613 299 2737 pcssb‘ip
309 2613 565 2736 ppmlplgrslsmbdliter
576 2616 707 2668 meliores.
741 2619 787 2669 Sit
801 2615 851 2669 tibi
862 2616 966 2686 quidem
982 2615 1060 2668 codd.
1074 2633 1120 2686 ep.
1133 2619 1209 2667 sm.
1223 2612 1319 2667 seuit

197 2838 433 2916 fieriuaditum
462 2853 491 2898 et
509 2853 636 2900 acetum.
680 2841 746 2901 Me.
789 2846 861 2908 332·
885 2844 967 2902 ΟΜ
987 2841 1167 2924 effmwm
1190 2845 1314 2910 m
1357 2791 1358 2811 t

205 2933 304 2983 moret
323 2933 423 2984 temen
444 2925 555 2985 Plinius
572 2927 652 2986 inter
673 2928 747 2987 reli-
788 2928 904 3008 vulgari
925 2929 1059 3004 retiens;
1094 2925 1126 2986 le.
1148 2927 1316 2996 immanium,

205 3029 264 3088 que
278 3009 342 3069 vini
359 3009 458 3070 fictitii
478 3031 584 3090 genere
597 3013 676 3090 XIV,
698 3019 746 3089 16,
788 3015 930 3074 sororum.
980 3016 1098 3073 fissum
1129 3011 1242 3072 iterum
1271 3029 1317 3090 pte

204 3115 227 3154 s.
247 3099 295 3168 19,
311 3097 340 3159 8.
383 3097 436 3154 Est
455 3105 556 3156 eutem
573 3097 674 3156 sorbus
689 3119 747 3158 no·
789 3117 970 3178 quocunque
991 3107 1084 3158 vento
1106 3097 1201 3174 dixit,
1231 3097 1316 3172 inque

203 3179 249 3238 bis
263 3179 493 3258 Spssberbaum,
522 3181 684 3244 Alsebeer.
710 3185 747 3244 cs.
789 3187 931 3263 Rhipaeo
956 3183 1081 3258 ediscit,
1116 3193 1154 3242 ut
1182 3183 1315 3243 borulnn

203 3263 277 3324 Plin.
291 3265 357 3341 XV,
371 3270 423 3342 21,
437 3287 460 3326 s.
474 3271 525 3332 28.
785 3291 820 3330 ec
840 3269 982 3348 frigidum
1004 3269 1189 3345 derlee-eren
1212 3269 1278 3342 sti,
1296 3265 1312 3320 εἰ

246 3353 318 3414 381.
347 3351 521 3429 Septemtrio
547 3371 602 3411 seu
632 3366 743 3433 septem
785 3355 954 3434 srguteris‚
989 3353 1115 3435 Rhipeei
1144 3351 1308 3414 monteri

203 3439 328 3510 triones,
349 3435 380 3496 h.
393 3437 499 3513 boves,
521 3437 605 3516 quasi
620 3443 742 3500 teriones
785 3443 907 3502 Oriente
941 3441 1083 3522 Scythiae
1115 3441 1207 3521 positi
1235 3435 1308 3498 videti

203 3520 359 3581 etsrendo
372 3520 445 3582 dicti
458 3520 533 3604 (eid.
550 3525 647 3584 Verro
664 3525 696 3584 L.
710 3527 742 3585 L.
784 3537 926 3608 possunt:
955 3525 1120 3606 dequibus
1139 3537 1178 3586 ut
1198 3521 1309 3585 deeuti

202 3605 252 3682 Vl,
270 3605 559 3690 4,ettteu11‚2t)‚
582 3609 673 3686 sidus,
687 3631 744 3670 sn·
785 3613 1005 3692 septemtrione
1024 3633 1081 3692 pro
1104 3611 1232 3672 diversis
1248 3619 1308 3668 ten-

201 3691 294 3770 tiquis
306 3693 426 3752 Graecis
440 3691 540 3773 ἅμαξα
551 3697 742 3776 appellatum,
784 3699 909 3779 poribus
929 3707 959 3757 et
980 3699 1157 3778 opinionum
1178 3695 1308 3756 vicinitu-

101 2447 104 2459 .
207 2405 260 2456 rite
273 2415 392 2472 utuntur,
418 2407 541 2458 adversus
556 2407 607 2459 vim
627 2409 734 2476 frigoris
748 2407 862 2478 pellibus
875 2407 955 2470 tecti3
978 2405 1094 2458 subiecit
1108 2406 1248 2457 ornatiora
1268 2419 1323 2456 tes·
1358 2401 1359 2424 ¹

202 3778 343 3856 quostiam
358 3779 414 3839 sub
435 3779 561 3859 plaustri
581 3783 676 3861 specie
694 3802 743 3841 se·
786 3784 855 3844 dine
877 3783 974 3843 multe
1000 3803 1036 3843 ee
1063 3785 1149 3842 veris
1179 3781 1308 3841 fabulum
1354 3793 1355 3811 ¹

200 3871 284 3941 ptem
318 3881 423 3923 versus
457 3865 561 3944 polum
595 3869 742 3930 ercticurn
785 3889 846 3928 esse
867 3879 1000 3946 veteres,
1029 3889 1117 3948 seepe
1136 3877 1168 3927 et
1188 3889 1205 3925 e
1223 3863 1307 3926 multis

201 3947 304 4008 stelles
318 3951 600 4030 repressentebent;
614 3964 650 4014 ut
663 3955 741 4013 sorte
784 3955 858 4015 viris
877 3954 975 4014 doctis
994 3955 1141 4014 monitum
1164 3973 1200 4012 ec
1219 3953 1307 4029 diqu-

200 4039 367 4110 septsmtn'o
389 4035 429 4094 sit
454 4048 565 4114 septem
587 4039 741 4098 stellarum
784 4049 883 4100 utum
905 4049 965 4115 est,
996 4039 1220 4100 sriolstionrbus
1242 4053 1305 4114 qut·

200 4121 272 4175 urio
285 4139 338 4178 seu
358 4139 480 4197 currus;
508 4121 539 4180 in
552 4123 679 4202 plsustri
692 4126 741 4184 lo-
783 4145 842 4206 que
864 4125 902 4184 de
920 4125 1024 4186 iisdem
1050 4127 1140 4186 rebus
1164 4117 1304 4200 inte-poti-

201 4221 269 4262 cum
291 4225 362 4264 mox
383 4207 459 4265 Urse
473 4207 568 4267 meior
589 4211 738 4288 etminor,
781 4211 830 4270 tis.
858 4209 919 4291 (-
934 4211 978 4270 De
997 4231 1041 4272 vs.
1062 4213 1134 4276 383.
1153 4209 1212 4269 vi&
1229 4201 1301 4279 ill·

200 4289 353 4346 sutsltere
367 4289 737 4374 certe(llorner.0dyss.r‚
780 4295 935 4372 XXXllll,
948 4301 978 4361 8.
1004 4295 1092 4377 Wr.)

199 4369 275 4451 273)
298 4374 446 4434 successit.
467 4377 528 4436 vid.
545 4377 627 4440 Aret.
640 4381 738 4440 Phae·
823 4379 887 4446 884
905 4415 943 4428 -
959 4385 1031 4446 898.
1051 4381 1206 4460 Prieoepll
1222 4389 1299 4452 ‘ui‘

198 4473 278 4514 nom.
295 4459 346 4519 27.
367 4459 443 4518 conf.
468 4461 508 4520 ed
529 4462 602 4525 Aen.
623 4465 645 4544 1,
664 4466 736 4532 744.
777 4467 916 4528 lanarum
930 4466 1038 4528 studio.
1051 4465 1114 4528 vid.
1126 4465 1230 4526 Colunt
1245 4455 1295 4525 Vll,
