2634 5012
198 435 273 512 696
437 433 479 508 Ρ.
505 427 767 510 VIRGILII
800 427 1078 508 MARONIS

196 619 270 696 Hic
288 615 439 717 plantes
463 629 606 694 tenero
632 615 866 692 abscindens
885 614 935 692 de
957 639 1127 715 corpore
1144 627 1286 690 metron

196 721 392 822 Deposuit
408 719 542 812 sulcis3
569 719 634 794 hic
652 721 793 819 stirpes
810 719 944 794 obnsit
961 743 1075 814 arvo,

198 821 531 924 Quadrifidasque
549 823 668 898 sudes
687 836 727 898 et
741 835 856 898 acuto
871 821 1019 898 robore
1035 820 1174 914 vallos;
1253 825 1288 899 25

199 927 473 1028 Silvarumque
490 923 586 1002 aliae
603 949 762 1027 pressos
775 926 1003 1028 propaginis
1019 949 1134 1000 arcus

249 1075 310 1148 23.
334 1085 545 1140 assensus

233 1255 269 1312 2³
287 1255 342 1306 Hie
359 1253 477 1326 plantas
498 1265 611 1306 tesseras
628 1252 792 1307 abscindens
808 1271 923 1337 sarpere
941 1270 976 1306 ns.
994 1270 1063 1306 unns
1082 1251 1202 1308 brondel.
1227 1247 1290 1302 absu-

198 1325 268 1378 dens
278 1323 397 1393 reposuit
410 1323 500 1374 Heius.
512 1323 631 1375 codicum
643 1323 743 1393 aliquot
755 1333 921 1376 anctoritate.
957 1322 1125 1375 abscindens
1137 1323 1209 1390 vulgo
1222 1319 1291 1370 scribi

197 1405 254 1457 tur,
276 1393 314 1446 its
327 1403 413 1446 nmen
429 1402 456 1446 et
468 1391 563 1444 Medio.
598 1393 709 1446 Omnino
724 1411 756 1446 ex
770 1393 820 1446 heo
832 1393 959 1446 varietate
972 1392 1042 1444 nibil
1055 1393 1155 1444 inferre
1169 1393 1236 1450 lieet,
1254 1406 1291 1438 uu

219 1473 326 1536 erpetun
340 1461 392 1514 sint
406 1459 573 1517 librariorum
584 1460 699 1514 ludibria
714 1463 742 1514 iu
755 1461 893 1527 obsos'sus,
917 1461 1072 1526 abscissus,
1098 1473 1125 1514 et
1139 1462 1175 1514 sic
1188 1463 1212 1512 iu
1224 1458 1291 1510 sinil-

198 1481 256 1586 166.
283 1545 405 1584 tenerum
418 1531 499 1582 Goth.
510 1547 551 1600 pr.
585 1538 621 1584 At
634 1532 752 1584 tenerior
762 1532 864 1584 arboris
878 1551 939 1602 pars
955 1544 996 1584 est
1006 1532 1100 1584 eudem
1113 1532 1175 1596 illa,
1208 1527 1291 1580 murlo

198 1601 369 1672 propuilulat.
403 1601 523 1670 (infinitis
541 1601 607 1654 locis
625 1612 806 1672 permutantur
822 1601 891 1653 inter
909 1620 937 1654 se
954 1601 1120 1654 abscindere
1135 1613 1161 1653 et
1206 1597 1291 1650 scidae:

198 1682 228 1724 ut
243 1682 359 1736 ceteros,
378 1671 423 1740 qui
437 1671 492 1722 eius
504 1669 544 1722 rei
556 1671 674 1740 exempla
687 1671 843 1738 attuierunt,
860 1671 993 1736 omittam,
1011 1671 1066 1724 rid.
1081 1671 1208 1722 Drskeub.
1219 1668 1245 1718 sd
1255 1665 1291 1714 bii.

198 1741 303 1806 XXXl,
314 1741 358 1804 34,
370 1739 396 1794 4.
431 1741 508 1794 Haud
521 1741 558 1793 ita
573 1741 681 1793 difficile
694 1741 760 1805 erit,
776 1741 906 1808 iudicare,
920 1741 983 1810 quid
998 1741 1096 1810 cuique
1109 1739 1168 1792 loeo
1182 1735 1290 1790 wurmhl

198 1811 292 1864 sihoo
313 1811 484 1864 tenuerimus:
507 1811 647 1863 abscidi
663 1811 765 1880 aliquid
787 1810 888 1874 cultro,
913 1829 989 1872 euse3
1016 1809 1181 1863 abscindi
1199 1825 1244 1860 ren
1259 1803 1291 1856 slis

198 1880 284 1949 alique
298 1879 340 1945 ri,
365 1878 487 1948 idemque
500 1882 556 1934 lere
571 1897 628 1932 esse
641 1879 813 1944 abscindere,
838 1881 909 1950 qnod
925 1881 1064 1938 evelleres
1091 1877 1221 1932 abscidi
1233 1887 1291 1927 sate·

197 1947 324 2002 translate
341 1947 394 2000 dici
410 1949 486 2002 etism
499 1951 533 2002 de
547 1949 588 2014 iis,
604 1967 671 2020 quae
685 1950 812 2020 quandam
823 1950 922 2002 babent
933 1949 1135 2002 similitudinem
1147 1967 1201 2002 oum
1211 1963 1234 1998 re
1244 1945 1290 1994 itm

198 2029 313 2072 resecta:
336 2018 398 2071 binc
415 2035 545 2087 rupem,
569 2037 673 2088 spem,
698 2020 892 2072 orationem
913 2019 1090 2072 abscisum
1111 2019 1290 2072 dieendsntw·

196 2105 250 2140 uon
264 2088 465 2140 abscissam.
500 2092 553 2140 lam
567 2107 630 2142 vero
645 2089 761 2140 stolones
776 2107 833 2141 oum
847 2089 920 2140 libris
932 2089 1086 2141 avelluntur
1100 2090 1134 2141 sb
1150 2089 1245 2146 arbore,
1257 2097 1291 2132 uo!

103 2199 107 2214 .
197 2156 365 2220 reciduntur,
389 2170 466 2227 atque
479 2167 509 2209 ut
524 2157 577 2210 hoo
590 2158 770 2212 avellendi
787 2159 868 2210 verbo
880 2157 970 2210 Latini
984 2159 1134 2228 scriptores
1148 2158 1181 2210 sd
1197 2173 1242 2206 ean
1256 2167 1291 2202 rr!

198 2224 393 2295 signifiesndam
411 2237 531 2293 utuntur,
553 2228 591 2280 ita
605 2228 700 2281 Graeci
715 2227 796 2279 verbo
811 2227 983 2295 suanense,
1010 2229 1087 2298 quod
1106 2239 1147 2280 est
1164 2223 1291 2278 absander.

198 2313 251 2348 uon
264 2295 412 2350 abscidere.
445 2299 537 2366 ltaque
553 2297 728 2360 abscindens,
748 2297 811 2349 licet
828 2297 1005 2366 improbatum
1022 2298 1116 2350 Gortio
1131 2297 1165 2348 sd
1178 2289 1292 2368 Luesufll

197 2368 256 2431 66,
277 2365 393 2436 reposui.
447 2393 482 2406 -
499 2368 542 2421 24.
560 2367 625 2419 bine·
637 2366 732 2418 Medio.
749 2385 811 2418 sm.
829 2385 884 2436 pr.;
901 2367 971 2418 idem
984 2369 1091 2439 stirpe,
1109 2367 1157 2419 sed
1170 2375 1291 2442 supnttrr

197 2447 244 2507 pta
257 2454 279 2488 s.
310 2436 381 2503 We.)
450 2437 486 2491 26
503 2437 554 2488 alii
574 2435 649 2488 Leid.
717 2437 761 2490 26.
778 2439 813 2491 27
829 2439 926 2507 flexos
945 2455 997 2508 pro
1018 2433 1291 2506 abaiamontem

232 2517 324 2645 eatanp
344 2505 449 2560 codices
471 2505 575 2578 quidam
595 2505 666 2576 apud
680 2505 796 2558 serviam
822 2507 857 2558 ad
877 2509 970 2559 lenl
1004 2543 1015 2572 ,
1076 2513 1101 2561 1.
1138 2503 1234 2574 (steph.
1250 2499 1290 2548 ebt

227 2594 258 2629 eo
271 2594 309 2630 se.

197 2733 252 2794 bor
266 2734 391 2794 usundi!
404 2736 518 2793 misnia
528 2755 657 2814 suusque
669 2755 740 2792 ma-
781 2733 883 2794 radioe
901 2729 976 2814 (vid.
988 2753 1020 2794 v,
1029 2731 1086 2816 17)
1101 2733 1183 2793 sossis
1195 2728 1239 2814 (sc
1248 2725 1289 2786 ssl-

196 2823 293 2899 gister
318 2821 456 2878 Tbadidit
480 2821 632 2898 agricolis.
661 2819 740 2880 conf.
782 2841 835 2878 aus
849 2819 901 2878 iul.
918 2817 995 2900 289)
1008 2839 1064 2880 seu
1077 2821 1290 2880 scrobibusnur

197 2906 251 2965 ius.
263 2905 312 2980 IV,
322 2905 393 2970 615.
403 2909 476 2969 616.
489 2905 511 2980 l,
523 2909 593 2981 166,
608 2914 638 2964 et
651 2925 741 2984 prae-
784 2904 846 2964 dat.
867 2905 930 2964 vid.
950 2905 1027 2965 Plin.
1053 2903 1150 2978 XVll,
1172 2909 1214 2976 10,
1228 2923 1246 2958 ι
1259 2899 1289 2958 ll·

199 2991 298 3050 clarus
308 2991 437 3050 Lucretii
450 2991 544 3065 locus,
559 2991 611 3069 qui
624 2989 743 3050 Maroni
782 2990 881 3050 Idem:
907 2989 1038 3067 Omnia,
1064 2991 1178 3070 inquit,
1203 2987 1289 3046 calaio

197 3075 350 3157 praeluxit
362 3077 413 3136 lib.
424 3077 459 3151 V,
476 3079 558 3140 1660
570 3095 633 3155 sqq.
663 3078 742 3136 Sunt
784 3077 957 3136 moberunt
1000 3075 1166 3136 stolonibus
1196 3071 1289 3130 abtas

198 3170 300 3224 sulem
318 3161 401 3222 modi
420 3160 466 3220 hi:
500 3163 670 3238 avulsione,
692 3165 743 3220 in-
784 3165 1120 3241 ussamqueinsts'rpern
1131 3154 1290 3220 emend

188 3248 345 3328 fissione,
364 3249 605 3327 propagatione,
634 3269 742 3306 surcu-
783 3251 904 3322 neentis,
926 3237 1290 3324 ibid13‚s.20.1tsad-

198 3335 229 3392 la
241 3377 250 3409 ,
286 3336 477 3408 comisiam,
519 3335 667 3392 naniam.
701 3334 740 3394 cf.
783 3337 865 3392 sione
880 3333 1003 3392 arbores
1017 3333 1208 3413 proveniunt
1301 3381 1302 3388 ,

197 3419 311 3480 Plinius
324 3419 418 3493 XVII,
434 3423 483 3496 10,
502 3439 525 3478 s.
547 3422 577 3484 9.
621 3419 740 3496 Omnia,
826 3417 878 3483 24.
891 3417 976 3478 Alius
991 3419 1104 3478 modus
1117 3428 1167 3494 est,
1187 3405 1289 3494 qusquis

198 3525 275 3584 quse
289 3511 457 3582 sequuntur
465 3549 474 3580 ,
497 3525 566 3564 oram
586 3524 625 3564 ex
636 3505 741 3564 eodem
782 3516 917 3580 numos,
939 3523 992 3564 seu
1006 3505 1156 3564 vastiores
1172 3515 1253 3563 rem&
1266 3509 1287 3548 ⁸⁶

198 3591 293 3651 Plinio
311 3599 342 3650 et
362 3591 442 3666 aliis,
472 3599 540 3650 tum
552 3591 687 3671 inprimis
702 3611 742 3652 ex
782 3589 876 3649 taleas
891 3590 925 3648 in
948 3589 1011 3672 pali
1032 3590 1157 3650 modum
1173 3597 1220 3646 sut
1235 3597 1288 3658 qut·

198 3675 407 3756 Theophrasto
435 3676 472 3734 de
504 3677 620 3736 caussis
643 3677 741 3736 Plant.
784 3675 944 3756 dripnrtito
964 3675 1065 3752 liuns,
1088 3665 1286 3734 cmndiabu

197 3763 249 3823 lib.
262 3763 275 3822 1
293 3773 324 3822 et
337 3761 415 3822 Hist.
431 3761 528 3822 Plant.
546 3762 597 3822 lib.
618 3763 742 3842 llegre-
784 3765 816 3820 iu
830 3773 939 3820 tenum
951 3761 1070 3840 sissods't.
1093 3761 1129 3820 ct
1143 3759 1209 3819 Plin
1221 3745 1285 3812 xvlt.

198 3849 243 3928 gie
256 3848 401 3908 illustrari
414 3855 559 3928 possunt,
587 3857 624 3907 ut
637 3849 696 3908 iarn
708 3849 742 3908 in
786 3851 835 3922 17,
849 3867 872 3906 s.
890 3851 941 3911 27.
964 3842 1285 3910 colummannus

197 3935 299 3994 multis
320 3936 416 3994 secere
434 3934 560 3994 Ursinus
580 3954 615 3993 sc
634 3933 740 3996 Corde.
783 3931 818 4008 V,
832 3937 862 4006 9,
875 3937 904 3996 3.
933 3933 1003 4006 Quo
1017 3932 1180 4013 prodigium
1193 3925 1284 4012 specisL

198 4017 247 4078 Ad
267 4039 331 4079 rem
350 4019 515 4080 tenendum
533 4017 605 4095 boc,
641 4021 740 4100 pluri·
782 4017 865 4096 quod
884 4018 1044 4096 aliquando
1062 4017 1148 4078 basta
1164 4021 1284 4074 oorrutm

177 4105 255 4196 ,bus
266 4106 363 4165 modis
377 4105 503 4165 eandem
513 4105 650 4164 arborem
661 4106 740 4184 gigni
781 4111 896 4164 terram
923 4103 1023 4165 delixa
1044 4105 1077 4164 iu
1102 4101 1225 4162 arborem
1245 4107 1282 4146 ὓ·

197 4190 740 4336 bdloetlulslblldlredesbnblbhdudlbobll:
782 4197 886 4340 01106111ι
897 4278 948 4338 27.
988 4273 1106 4334 Tertius
1139 4266 1231 4365 modu!
1254 4255 1280 4354 ,5²

197 4360 318 4434 venire3
347 4370 512 4422 esttamen
531 4363 739 4422 uliaaliirutio
778 4361 961 4439 propagine.
1014 4361 1053 4418 Ut
1079 4357 1168 4428 alise,
1195 4351 1279 4424 inqui.

197 4443 310 4504 utilior.
783 4447 905 4507 arbores
920 4444 1119 4526 provenient,
1143 4435 1278 4530 nouum

240 4529 291 4590 116.
313 4523 397 4584 Alius
425 4529 556 4592 avellens
576 4533 701 4592 etalem
724 4551 741 4590 e
781 4531 816 4591 iu
831 4541 945 4593 temam
956 4529 1141 4592 mobilius
1154 4521 1275 4584 domim

583 4651 595 4706 1
