2634 5012
172 415 528 518 oronffloon
553 415 660 492 etr.
685 337 724 510 ιζ
749 418 967 496 sco-396
1051 397 1128 496 set

37 602 228 678 Scintillam
245 603 399 698 oleum,
426 615 468 680 ct
482 603 607 703 putris
625 625 881 680 concrescere
897 599 1051 703 fungos,

73 711 144 782 Nec
158 708 289 784 minus
306 731 351 782 ex
367 706 489 782 imbri
502 705 605 782 soles
625 720 665 781 et
680 715 812 808 aperta
829 729 968 785 serena

36 811 242 911 Prospicere
255 820 298 886 et
315 812 430 888 certis
448 811 598 910 poteris
617 830 858 908 cognoscere
873 809 1001 908 signis.

35 918 113 988 liam
132 939 263 1016 neque
281 928 369 994 turn
387 913 506 992 stellis
522 915 624 990 acies
643 911 783 990 obtusa
800 911 976 1012 videtur,
1054 917 1130 996 395

35 1021 97 1092 Nec
107 1014 231 1094 tetris
247 1017 367 1093 radiis
381 1017 551 1094 obnoxiu
566 1041 728 1116 ungere
742 1021 870 1115 Luna,

71 1143 146 1218 395.
169 1161 364 1234 vruurnu3
416 1147 502 1219 896.
526 1139 657 1232 Lunn3

56 1313 99 1367 999
113 1312 243 1368 admirer
253 1315 326 1368 soles
335 1313 438 1366 Pierius
456 1329 471 1364 e
485 1314 602 1366 Romano
619 1321 646 1364 et
662 1311 793 1366 nonnullis
809 1310 935 1382 antiquis,
952 1307 1024 1380 qued
1035 1309 1132 1380 recipit

33 1383 146 1448 llutiuus,
162 1401 214 1447 ne,
232 1401 289 1436 cum
304 1401 364 1434 mox
383 1381 477 1436 esolis
491 1383 644 1433 striderunt
664 1379 768 1450 fulgore
784 1399 877 1450 prosse
896 1382 920 1433 iu
940 1380 1067 1448 sepienda
1086 1380 1132 1431 di·

33 1461 115 1517 untur,
136 1454 228 1522 pluvio
242 1453 316 1506 caelo
330 1454 360 1506 id
377 1454 464 1504 iecere
477 1451 566 1520 praeci
585 1452 623 1503 iet
641 1463 731 1520 poete.
765 1451 815 1504 Sed
838 1463 866 1503 ut
878 1401 938 1502 ior
951 1449 1067 1517 argutio
1084 1461 1132 1516 est,

33 1537 89 1588 quum
102 1523 197 1589 terius,
222 1541 281 1576 narn
299 1521 442 1592 pluviarum
459 1521 542 1573 iuter-v
581 1537 595 1574 e
607 1539 664 1577 esse
676 1532 798 1590 possunt,
821 1520 849 1572 iu
863 1521 956 1594 quibus
969 1519 1063 1572 stelloe
1076 1519 1131 1574 inl-

33 1601 102 1656 pcsut,
124 1593 159 1644 ite
171 1591 301 1645 eximitis
315 1593 372 1646 sols
387 1591 505 1659 analogio
520 1609 548 1643 se
563 1601 660 1642 tuetur.
684 1589 747 1660 (viti.
763 1593 826 1644 Not.
848 1589 918 1657 Wr.)
953 1589 1036 1642 Porro
1051 1589 1132 1643 licis-

33 1659 75 1712 lius
90 1663 251 1714 coniioiebat:
281 1663 356 1714 soles
399 1681 429 1713 er
447 1673 546 1732 aperta
567 1677 686 1712 smnus.
762 1661 815 1714 994
840 1673 990 1732 agnoscere
1010 1657 1131 1714 rmhas.

33 1729 69 1783 tot
82 1733 145 1784 Num
163 1751 199 1784 ne
219 1751 253 1784 ue
273 1743 304 1783 ut
319 1682 399 1784 ouri.
412 1747 453 1800 pr.
488 1743 555 1783 tune
574 1731 661 1782 astris
680 1731 753 1782 acies
767 1725 865 1782 obtusa
878 1728 969 1784 sitisti
983 1729 1053 1797 upud
1064 1729 1131 1782 oel-

33 1797 77 1850 l'nur
89 1804 119 1853 tt.
133 1807 162 1854 n.
176 1751 236 1864 vit,
258 1803 307 1864 173
332 1802 383 1854 hoc
403 1800 533 1868 posterius
549 1800 665 1869 impense
682 1799 770 1868 placet
786 1797 911 1860 Heiusi03
936 1799 1035 1867 etipse
1051 1799 1131 1854 hocs

33 1869 120 1937 Virgilio
131 1873 277 1942 proiectum
293 1889 351 1922 esse
363 1869 462 1922 meiius:
480 1881 508 1920 ut
520 1869 556 1920 sit
568 1870 599 1932 is,
614 1885 689 1938 quem
701 1865 857 1924 infinitivum
868 1865 1022 1922 historicum
1035 1869 1131 1938 appel·

32 1935 83 1988 lunt:
103 1943 203 2004 videri,
227 1957 357 2012 surgere,
376 1938 461 2012 [ενι-ι’.
497 1940 678 2006 (Atmemoriu
693 1940 794 2007 lapsum
809 1940 847 1992 ite
861 1937 996 2008 scripsisse
1010 1939 1130 2006 Gellium,

33 2007 93 2062 slters
106 2010 148 2062 ills
160 2007 301 2062 diversitas
315 2023 383 2062 tuno
394 2011 479 2060 astris
491 2008 554 2060 sutis
565 2010 676 2078 proban
696 2022 747 2060 nse
761 2009 834 2062 locus
850 2007 894 2060 hic
909 2007 1037 2062 lnlinitiro
1048 2011 1142 2068 absos

32 2075 78 2130 itte.
98 2081 144 2132 rid.
159 2083 192 2144 Q.
205 2083 240 2131 V.
250 2081 348 2144 XXX,
362 2081 387 2133 6.
417 2079 488 2149 Wr.)
525 2081 679 2132 consocies
696 2077 902 2137 sullisiurerss
920 2079 1012 2130 ordios
1028 2079 1130 2130 Zulieh.

33 2159 73 2196 ten
82 2152 106 2200 iu
118 2151 207 2202 stellis
218 2149 329 2200 Mentel.
341 2167 382 2216 pr.
406 2167 466 2200 eum
480 2148 570 2198 stellis
581 2149 622 2199 ed.
636 2147 758 2200 Commel.
825 2150 880 2204 896
897 2147 1131 2220 Nsusmrs'sro-

32 2215 70 2266 diis
81 2217 189 2272 risoria
203 2238 321 2291 surgere
336 2221 426 2270 Luna.
462 2217 524 2267 Cum
539 2217 721 2284 interpretatio
736 2218 764 2270 iu
780 2217 808 2269 h.
822 2237 847 2270 v.
864 2219 1001 2282 haereret,
1020 2228 1047 2268 et
1060 2235 1130 2286 poe-

32 2293 61 2335 tae
76 2287 146 2339 menti
161 2299 189 2340 et
207 2289 250 2340 rei
267 2295 426 2340 memoratus
440 2287 570 2338 contraria
585 2287 681 2350 exiret,
703 2287 759 2340 risu
773 2287 838 2338 mihi
850 2297 908 2341 erut
921 2289 991 2340 treus
1005 2287 1089 2340 lutere
1103 2288 1131 2338 iu

32 2354 73 2406 lite
82 2375 124 2425 pro
138 2376 189 2428 que
201 2357 357 2410 sententium
370 2356 507 2426 requirere
524 2360 561 2408 Et
579 2358 744 2426 stupicsbnr3
768 2357 804 2408 itu
819 2367 847 2408 ut
859 2357 932 2408 locus
946 2357 984 2408 sic
997 2357 1132 2426 procede-

31 2437 68 2474 nt:
82 2429 147 2478 Num
158 2447 248 2500 neque
261 2441 318 2478 tum
332 2425 421 2478 stellis
434 2427 507 2477 acies
520 2423 618 2478 obtusa
631 2427 726 2490 videri,
744 2431 782 2477 Es
790 2423 896 2496 fratris
912 2427 998 2478 radiis
1014 2423 1131 2478 obnoxia

32 2511 121 2564 urgere
131 2501 222 2562 Lanu,
234 2495 363 2548 infinitivo
375 2495 516 2556 historic03
531 2505 559 2546 ut
573 2510 662 2548 sensus
673 2495 721 2546 sit:
735 2513 794 2545 num
806 2506 833 2544 et
846 2493 979 2548 stellarum
995 2491 1063 2546 ucies
1077 2507 1130 2548 turn

32 2565 121 2617 ttruinrr
135 2585 191 2619 non
209 2568 319 2631 obtuse,
338 2579 365 2618 et
379 2565 471 2636 surgit,
488 2565 515 2616 in
529 2575 698 2634 conspectum
711 2563 797 2626 veuit,
815 2563 896 2614 Luns.
923 2563 998 2614 Nihil
1011 2562 1131 2632 impediti

31 2631 184 2701 intissam
202 2649 309 2693 ornatus
325 2651 414 2689 mussa
430 2635 571 2686 adiectum:
589 2633 696 2707 fratris
710 2633 799 2686 radiis
811 2630 941 2698 obnoxiu,
961 2631 1021 2684 soli.
1047 2633 1131 2702 Legi·-

59 2795 158 2858 999-
166 2793 241 2858 414.
265 2795 442 2872 Sequuntur
459 2811 549 2872 prse-
591 2810 685 2853 unum
714 2790 830 2850 stellam
858 2785 918 2848 hoo
946 2790 1131 2870 prasssgium

32 2878 285 2954 opimentum:
314 2889 345 2938 et
364 2879 462 2957 primo
480 2878 549 2957 qui-
590 2877 718 2954 retulit3
747 2897 816 2935 cum
842 2873 981 2954 Virgilius
1009 2877 1130 2939 omnino

31 2959 81 3022 dem
97 2985 190 3045 usque
214 2965 255 3024 sd
280 2986 325 3024 vs.
347 2965 411 3028 400
438 2984 473 3022 es
493 2963 549 3023 de-
591 2963 744 3022 stellurum
765 2962 904 3022 obtusum
933 2971 966 3020 et·
986 2963 1131 3022 obscure-

31 3047 119 3110 dueta
134 3061 214 3112 sunt
236 3071 291 3131 per
311 3051 476 3108 absentium
495 3068 548 3108 eo-
591 3058 654 3108 tam
670 3049 768 3108 luoenr
783 3056 937 3110 memoret.
974 3053 1046 3117 396.
1062 3051 1131 3108 Neo

30 3151 93 3210 mut,
113 3157 189 3216 quse
202 3135 409 3216 impendentes
430 3135 547 3216 pluvius
580 3135 693 3214 fratruo
724 3135 819 3194 mds's's
849 3133 977 3196 obnoxia
1012 3155 1131 3214 surgere

30 3217 211 3296 tignilicsbunt
231 3223 314 3302 apud
338 3221 466 3280 Aratum
484 3225 547 3286 206
589 3222 694 3280 Luna.
723 3221 858 3280 vexatus
874 3221 972 3298 locus3
994 3241 1131 3302 necper-

31 3309 264 3380 tlt-‚tumvslol
277 3328 311 3366 es
324 3307 548 3387 appositasunt,
589 3315 724 3385 spectus,
751 3307 808 3366 nisi
826 3316 926 3373 totum
947 3308 1131 3368 coniunctim

30 3407 176 3464 quaenunt
191 3393 280 3454 fiunt
314 3391 362 3475 (ex
377 3393 474 3468 mthri,
489 3393 509 3454 i.
524 3411 549 3451 e.
588 3392 709 3470 legeris:
732 3395 822 3452 Nam
838 3412 932 3472 neque
945 3425 988 3440 -
1003 3395 1070 3452 Nec
1089 3425 1132 3438 -

29 3487 80 3550 post
100 3481 233 3540 imbrem.
283 3479 359 3538 Num
390 3487 549 3559 postquem
589 3499 649 3536 non
663 3501 778 3538 -non
793 3498 888 3558 usque
905 3479 945 3538 ud
963 3498 993 3537 v.
1007 3476 1078 3542 400.
1095 3485 1132 3536 ut

29 3559 104 3623 inber
114 3565 249 3641 desierit,
268 3584 308 3624 ex
323 3565 549 3642 oertisquibus-
590 3563 694 3624 eedem
733 3565 881 3626 sententia
915 3563 1132 3639 continuetur,

30 3641 83 3706 ism
97 3651 184 3730 siguis
202 3671 377 3730 coguosoes,
406 3651 548 3710 serenius
591 3659 776 3728 nouantem,
794 3661 831 3712 ut
846 3651 936 3730 vulgo
951 3649 995 3723 lit,
1017 3649 1131 3728 priores

30 3731 159 3812 ninus,
189 3757 228 3796 un
248 3757 328 3798 nors
351 3737 455 3815 pluvia
482 3753 548 3795 me·
590 3735 652 3794 duo
665 3756 771 3797 versus
785 3741 916 3802 396·97.
931 3733 1132 3794 seiunctum&

31 3821 123 3880 tuende
144 3823 192 3882 sit.
217 3819 307 3901 Wr.)
346 3825 474 3898 Sereno,
511 3829 549 3882 ut
591 3823 696 3882 ceteris
721 3843 840 3884 sensum
859 3822 1054 3882 constituent.
1096 3819 1132 3878 In

31 3919 160 3982 mum,
189 3908 326 3967 sbsolute
348 3907 479 3983 dictum,
511 3915 550 3968 ut
589 3905 636 3968 his
649 3909 770 3986 quidem
778 3907 926 3968 sententis
940 3925 1034 3985 perse
1048 3905 1132 3966 haud

31 3985 75 4046 ²l'tt
98 3990 180 4052 simili
208 3993 322 4070 modo,
351 3991 382 4052 h.
410 4013 548 4053 amenum
591 3993 722 4053 difficilis
758 4003 802 4052 est
830 3993 869 4054 ud
901 3993 1131 4070 assequendum:

31 4075 146 4154 melum,
172 4079 254 4157 quod
278 4091 422 4156 apernere·
445 4078 550 4140 vocari
589 4079 694 4140 iturum
721 4099 799 4159 pure
825 4088 902 4138 turno
932 4079 999 4137 luce
1025 4079 1130 4140 nitere.

32 4169 121 4237 potest,
130 4164 218 4224 nullis
227 4165 357 4224 nubibus
370 4163 549 4224 obductum:
589 4164 632 4224 lt
656 4165 749 4225 verbu
769 4164 954 4224 contrarium
978 4165 1131 4245 produnt:

33 4245 148 4324 strepis
155 4245 454 4330 φάοςᾶμβλᾶνεσθαι
466 4250 549 4310 dixe-
589 4271 643 4309 nec
663 4253 755 4310 Ltma
768 4253 865 4330 surgit
871 4295 879 4324 ,
901 4247 933 4310 h.
953 4269 977 4310 e.
990 4273 1052 4312 non
1067 4252 1131 4312 ori-

33 4331 324 4415 ntlnt.1²rognost
339 4339 419 4412 sot,
442 4345 473 4396 et
491 4332 549 4412 φά.
589 4345 657 4411 tur3
680 4335 777 4414 utqui,
798 4335 871 4394 eseli
884 4338 1045 4398 serenitate
1057 4337 1131 4398 red-

34 4432 93 4492 nm
111 4420 332 4502 καθαιρομένην
353 4414 454 4502 πόσης
475 4419 548 4484 sitri-
590 4422 671 4496 dits,
692 4423 793 4482 stelles
804 4422 907 4482 lucent
922 4431 954 4482 et
969 4423 1042 4484 lune
1055 4443 1131 4483 oon-

35 4506 130 4580 tttttr
145 4503 268 4589 ὁμίχλης
294 4527 325 4568 v.
349 4507 423 4584 265,
441 4506 495 4566 ubi
509 4505 549 4566 sd
589 4507 705 4587 spectui
717 4507 865 4570 redditur.
907 4507 1014 4570 Verius
1031 4510 1130 4578 inter·
