2710 4998
306 413 407 494 PER
432 414 606 497 Annos
631 419 856 499 DlGESTA
987 453 991 468 ·
1069 353 1149 506 'cxv

55 627 165 686 agrorum
182 605 416 670 dividendorum
437 627 541 669 curam
564 608 683 672 habere.
735 613 872 674 Ceterm
895 615 998 694 vides,
1030 641 1149 682 omnem

52 696 113 754 illam
128 695 289 770 licentiam,
310 715 401 774 quem
415 713 471 755 nos
485 697 632 776 superiori
649 699 728 760 bello
750 701 930 781 septennali,
951 723 1033 766 novo
1048 708 1148 786 aliquo

52 783 151 840 ntum
162 781 312 856 somniare,
335 781 376 841 ad
390 781 600 862 despoliandos
612 783 748 844 homiues
762 787 942 848 increbuisse
957 793 1147 870 putabamus,

49 868 93 926 um
103 877 160 926 tum
174 869 396 946 frequentatam
410 868 517 946 fuisse5
539 868 686 930 bellorum
701 881 801 934 autem
816 873 947 932 civilium
967 877 1148 940 calamitates

49 963 70 1013 st
85 955 204 1014 militaris
220 953 362 1013 licentiae
380 953 513 1014 ludibria
534 967 564 1016 et
583 957 700 1017 furores
715 957 774 1018 lroc
786 979 846 1038 quo
860 960 989 1021 vivimus
1002 971 1147 1044 ternpore,

48 1051 170 1118 umquam
189 1059 273 1100 novo
283 1041 431 1119 ¹exemplo
448 1049 516 1100 ante
529 1041 631 1101 oculos
653 1045 766 1104 versari
781 1045 912 1104 vidimus
924 1056 955 1105 et
969 1049 1147 1112 audivimus.

109 1126 259 1206 Virgilium
281 1127 407 1185 llomam
426 1126 642 1202 discedentem,
671 1149 742 1190 nam
767 1129 864 1210 ipsum
887 1131 1012 1192 Romam
1031 1137 1148 1214 adiisse,

46 1231 73 1270 es
87 1212 128 1286 iis,
157 1231 233 1292 quae
254 1211 381 1292 Tityrus
402 1211 439 1272 de
460 1232 491 1270 se
509 1222 615 1273 namet
632 1215 692 1274 Ecl.
707 1215 730 1291 l,
743 1220 785 1280 20
797 1237 870 1295 sqq.,
886 1217 1089 1297 contendunt,
1112 1231 1148 1283 ut

46 1317 109 1376 agros
127 1306 335 1378 recuperaret,
356 1299 525 1358 Octaviano
542 1300 660 1358 Caesari
683 1303 926 1362 commendatum
946 1322 1023 1382 esse,
1046 1327 1148 1368 omnes

45 1385 236 1461 memdunt3
257 1385 312 1444 sed
329 1385 378 1444 alii
397 1385 434 1442 ab
445 1383 547 1444 Asinio
558 1385 700 1460 Pollione,
722 1388 1080 1468 indemnitatem,
1098 1397 1147 1458 11.

44 1471 127 1529 Donat
139 1471 196 1530 vit
208 1471 296 1550 Virg.
315 1467 349 1550 5.
366 1473 417 1546 36,
433 1469 483 1529 alii
498 1469 536 1530 ab
548 1471 654 1530 Alfeno
668 1471 764 1550 Vero,
788 1473 837 1532 alii
850 1495 867 1534 a
881 1473 983 1551 Gallo,
1005 1486 1043 1537 ut
1056 1477 1148 1538 modo

45 1555 163 1632 vidimus,
184 1558 221 1616 ci.
239 1557 351 1615 Donet.
372 1553 395 1636 5
397 1602 403 1615 .
419 1559 470 1621 50.
484 1559 538 1633 96,
554 1557 603 1618 alii
621 1577 690 1617 cum
700 1558 837 1619 Martiale
851 1559 927 1636 Vlll,
941 1562 993 1639 56,
1007 1571 1038 1621 et
1050 1565 1148 1624 multo

44 1643 113 1720 nagia
131 1663 197 1702 cnm
221 1651 349 1703 anctore
373 1643 520 1702 Carminis
540 1643 580 1702 ad
599 1643 736 1704 Pisonem
753 1665 784 1705 v.
805 1649 870 1710 218
886 1667 949 1725 sqq.
995 1643 1079 1730 (lpse
1089 1671 1149 1728 per

44 1731 167 1786 Anooina
186 1731 311 1788 Aeneia
333 1732 470 1786 camma
488 1741 595 1806 gentes
618 1730 681 1807 Qui
698 1744 802 1806 sonat,
832 1735 949 1812 ingenti
963 1737 1147 1813 quinomine

42 1815 121 1890 potas
140 1814 309 1892 Olrngnum
320 1857 330 1887 ,
369 1817 609 1895 sllneonnsmqns
638 1837 739 1874 senem
761 1818 902 1876 Ronmno
917 1833 1066 1896 provocat
1084 1843 1144 1896 ore,

44 1901 154 1958 tantm
166 1901 253 1958 illiue
271 1901 401 1957 nensorssss
421 1901 559 1958 inuncet
577 1904 611 1959 in
625 1891 746 1977 unslirn,
778 1903 869 1980 Quod
889 1907 972 1962 canit
980 1947 989 1980 ,
1012 1919 1042 1964 et
1054 1909 1148 1965 sterili

43 1997 132 2044 mrem
153 1997 309 2044 cenuaaset
329 2005 429 2044 avena
444 1987 572 2062 Ignotus
588 1987 734 2064 populis:
764 1991 793 2046 si
810 1991 990 2048 Maecenate
1002 1989 1145 2074 cotenu)

43 2069 214 2130 aliaeceasate
230 2071 265 2130 id
280 2072 395 2130 sactum
406 2089 469 2129 esse
481 2080 658 2130 memorant.
702 2072 835 2149 Scilicet,
857 2073 965 2134 utiam
979 2077 1082 2136 Ruaeo
1097 2077 1146 2138 vi-

42 2177 90 2216 san
103 2169 158 2233 est,
180 2177 253 2218 cum
272 2155 401 2216 Pollioni
422 2156 554 2235 primum
572 2165 662 2236 poeta
682 2157 877 2235 innotuisset,
901 2159 938 2218 ab
957 2159 1145 2222 hocMeece-

42 2245 85 2301 arti
99 2241 317 2318 commendari,
346 2239 497 2322 huiusque
516 2242 618 2302 studio
636 2243 668 2301 in
689 2242 847 2304 Octaviani
867 2245 1025 2306 amicitiem
1041 2249 1145 2308 venire

41 2329 125 2408 potuit.
163 2329 222 2390 Sed
244 2328 319 2388 satia
331 2337 392 2403 est,
414 2327 438 2386 si
452 2337 571 2404 teneas,
591 2338 714 2409 poetam
727 2327 773 2390 lais
789 2328 1014 2392 viris-omnibus
1027 2343 1145 2395 mature

40 2425 170 2492 munes
184 2435 295 2475 cerum
306 2413 406 2474 fuisse.

102 2503 290 2584 Recuperato
311 2518 398 2578 agro,
428 2499 567 2578 Delegam
588 2499 669 2576 loco,
699 2519 761 2560 non
783 2509 931 2580 tempore,
953 2503 1099 2581 primam,
1121 2506 1145 2564 si

40 2603 109 2665 supra
127 2597 295 2649 memorata
312 2591 394 2645 recte
412 2603 443 2644 se
468 2584 597 2664 habant,
632 2585 774 2668 scriptam
796 2605 860 2646 esse
879 2585 1010 2647 dubitari
1031 2590 1144 2667 nequit.
1252 2608 1258 2621 ·

39 2669 139 2736 Obtiuet
160 2683 266 2734 tamen
290 2671 422 2750 vulgaris
445 2673 562 2752 opinio,
591 2692 670 2733 anno
688 2671 748 2732 lroc
770 2676 849 2748 718,
879 2673 986 2731 aetatis
1006 2675 1059 2749 29,
1077 2690 1145 2734 eum

41 2758 161 2820 enneae
174 2761 310 2820 scribere
324 2777 492 2837 aggressum
503 2778 573 2818 asse.
617 2759 710 2833 Quod
724 2757 845 2836 quidem
855 2758 1011 2822 consilium
1025 2769 1146 2838 poetam

39 2841 152 2906 Pollionis
164 2847 299 2908 maxime
316 2844 496 2904 auctoritate
512 2853 541 2904 et
555 2843 681 2904 hortatu
695 2843 871 2923 suscepisse,
893 2843 974 2903 inter
987 2844 1146 2904 Gramma-

40 2931 94 2990 ticos
104 2935 176 2992 lama
189 2940 288 2992 tenet.
300 2929 364 2990 rid.
378 2931 483 2990 Donat.
498 2931 557 2991 vit.
571 2931 653 3010 Virg.
666 2929 757 3010 5-36.
800 2928 893 2987 lidem
906 2939 945 2988 ex
957 2929 1024 2988 loco
1037 2933 1144 3010 primo,

40 3035 105 3092 quen
123 3021 231 3099 Eeloga
252 3017 380 3096 Tityrus
399 3023 499 3090 tenet,
522 3017 657 3078 omnium
677 3015 914 3095 etiamtempore
927 3015 1053 3095 primam
1067 3017 1144 3077 scri-

39 3111 100 3178 ptun
108 3151 116 3180 ,
135 3113 166 3166 et
183 3104 360 3166 calamitate
378 3101 477 3161 emissi
494 3103 556 3183 agri
572 3103 739 3162 adductum
756 3100 912 3180 Virgilium
923 3102 1055 3182 primum
1069 3123 1144 3184 poe-

39 3189 98 3248 tioen
110 3211 279 3272 eggressum
300 3187 382 3270 (vid.
403 3186 518 3248 Placeas
540 3209 571 3250 v.
587 3193 628 3254 67
641 3209 704 3268 sqq.
725 3187 861 3247 Donatus
878 3184 912 3267 5.
925 3191 963 3252 91
987 3187 1063 3272 etc.)
1081 3209 1144 3250 esse

39 3285 177 3354 paternum
198 3277 314 3338 seilicet
332 3293 394 3354 quo
414 3275 566 3334 communi
585 3283 744 3356 poetarum
755 3274 880 3333 fortuna
894 3283 1034 3336 uteretur
1046 3275 1142 3352 Maro,

39 3367 64 3417 n
75 3363 158 3422 lesnes
169 3374 201 3425 et
213 3361 336 3423 miseria
354 3359 393 3419 ad
407 3379 514 3420 versus
526 3361 699 3420 scribendos
716 3377 784 3420 eum
799 3357 986 3440 perpelleret.

103 3451 175 3509 Ctm
197 3448 344 3528 Virgilius
361 3445 520 3506 Mantuam
539 3445 639 3506 redux
657 3465 743 3526 agros
764 3463 871 3504 suosa
896 3444 1062 3521 veteranis,
1091 3446 1143 3524 qui

39 3543 279 3616 asocmpumt,
301 3531 485 3607 vindicaret,
507 3551 618 3594 noram
631 3532 770 3592 iniuriam
788 3531 914 3611 accepit,
937 3539 974 3590 nt
985 3529 1060 3590 adeo
1073 3531 1143 3609 suga

40 3617 99 3676 sitas
115 3621 406 3681 consulere'necesse
422 3617 556 3677 haberet
600 3617 686 3677 Patet
701 3617 734 3676 id
748 3636 787 3676 ex
802 3617 864 3676 Ecl.
878 3615 931 3692 1x,
949 3635 1055 3694 quam,
1077 3617 1143 3674 llo-
1178 3611 1180 3615 ’

40 3717 112 3780 uam,
136 3717 171 3766 ut
191 3709 297 3780 aiunt,
327 3721 494 3784 regressus,
523 3713 560 3763 ut
571 3703 673 3764 denuo
688 3703 845 3762 Octaviani
859 3717 945 3780 opem
959 3699 1142 3780 imploraret,

40 3783 99 3848 Vno
109 3793 245 3854 obtsslisac
253 3789 351 3850 videri
359 3799 477 3868 potest3
491 3809 671 3868 quamquam
682 3787 790 3869 inipso
804 3787 936 3846 carmine
943 3783 1016 3844 nihil
1024 3785 1100 3844 esde
1108 3806 1142 3846 re

43 3885 133 3948 lucter
143 3875 344 3938 honorificem
357 3875 430 3934 Vari
443 3875 626 3935 mentionem
633 3877 723 3938 net.
731 3874 772 3940 35
786 3871 928 3933 occonis.
944 3871 1006 3932 vid.
1019 3869 1141 3950 Argum.

42 3955 86 4018 td
96 3962 141 4023 ut
181 3963 251 4024 tlon
264 3961 344 4022 male
355 3959 416 4020 hoc
430 3959 551 4020 Russus
564 3961 628 4041 ipsa
646 3958 786 4019 cuminis
799 3959 912 4030 torma,
937 3975 1013 4035 quae
1024 3957 1141 4018 subita-

42 4043 97 4104 r'am
113 4067 230 4129 operam
242 4047 316 4108 satis
333 4046 452 4126 prodit,
474 4045 646 4108 confirmari
663 4051 761 4126 pretet.
802 4041 959 4102 Menalcan
973 4043 1005 4102 in
1026 4063 1061 4103 eo
1072 4064 1142 4103 car-

43 4131 100 4190 rina
110 4133 263 4216 Vrrgilimn
278 4131 505 4212 intelligendum
519 4150 596 4208 esse,
624 4131 685 4191 iam
700 4124 923 4204 Quincfflianus
937 4129 1056 4189 monuit
1068 4130 1141 4188 inst.

45 4209 133 4294 Villi,
146 4220 195 4287 47.
238 4221 425 4294 vaesanus,
447 4217 533 4277 cuius
545 4217 689 4278 audaciae
701 4225 733 4274 et
743 4213 839 4275 furori
854 4211 994 4294 Virgilius
1006 4215 1062 4274 vix
1070 4215 1141 4294 fuga

47 4303 225 4368 summes
244 4305 360 4388 potuit,
389 4303 428 4362 ab
453 4301 519 4362 aliis
535 4301 643 4364 Arrius
658 4299 813 4376 conflatio,
836 4297 872 4357 ab
885 4297 949 4359 aliis
963 4299 1141 4374 Clodium

47 4381 117 4448 Probo
127 4391 249 4453 llilenua
262 4409 318 4452 seu
337 4389 477 4450 Milienus
491 4389 571 4448 Toto
585 4385 776 4469 primipilaria
788 4383 878 4444 fuisse
897 4384 1038 4445 traditur.
1082 4383 1141 4443 Sed

49 4466 118 4536 &lis
129 4477 360 4561 disputatimsem
375 4473 416 4534 ad
429 4473 580 4535 Donatum
594 4469 628 4554 5
640 4477 679 4538 81
698 4469 863 4531 reiecimus.
906 4467 1141 4530 Iniuriamlunc
1247 4495 1250 4504 ’

865 4565 932 4640 h*
