2758 4990
184 358 543 438 GEORGICON
557 359 673 468 tle.
689 359 755 457 IV,
770 365 989 440 290-294
1040 421 1043 430 .
1067 351 1156 462 645,

36 546 121 610 its-or,
139 546 178 612 si,
197 547 268 618 quod
281 547 309 598 iu
321 548 394 600 Nota
406 563 439 616 ap
459 546 525 612 osui,
544 545 772 600 animadverteris:
797 547 854 602 Nili
868 547 936 602 ostia
951 547 1003 600 dno
1018 556 1141 608 extreme,

34 616 209 700 hoccidente
231 617 402 700 Canopicum,
420 566 458 668 ad
474 616 575 700 oriente
595 616 770 698 Pelusiacum,
794 617 881 680 innui;
907 619 957 670 hoc
977 617 1087 698 alterum
1106 617 1140 668 ad

33 686 1140 809 ttttttldtttttttt..tlttttlsstttutltttltttttt

33 827 149 876 *icinium
169 824 214 875 ubi
228 825 382 888 deduxeris,
399 823 547 892 intelliges:
571 826 686 876 eundem
703 825 799 876 Nilum
814 844 914 897 urgere
927 827 1029 877 vicinia
1042 826 1139 876 Persi-

32 895 78 956 le's,
108 891 261 962 propiorem
286 894 385 946 habere
410 912 512 946 cursum
531 911 621 944 sersus
642 893 755 946 Parthos
778 896 873 946 ostium
894 895 949 946 Nili
971 893 1138 946 Pelusiacum.

32 961 151 1013 scendet
165 963 232 1014 Gud.
245 963 316 1032 quod
328 963 438 1032 arripuit
451 962 558 1015 Wakel.
571 961 640 1014 hunc
651 962 678 1014 in
693 963 812 1014 modum:
832 967 944 1034 Quoque
953 964 1079 1035 pharetr.
1101 967 1139 1014 Ea

32 1033 133 1082 'eversa
146 1050 239 1083 ruens.
278 1037 369 1102 Usque
382 1033 520 1085 coloratis.
555 1035 591 1083 Ut
605 1033 719 1083 uiridem
731 1038 811 1103 Aegy
831 1045 888 1085 tum
905 1030 1131 1104 nigrasse-undet

32 1119 115 1150 ¹rems.
140 1102 190 1167 (De
203 1101 294 1169 Gange
306 1101 373 1153 haec
391 1119 424 1152 ne
446 1101 638 1170 intelligamus,
655 1111 744 1152 vetant
761 1053 841 1154 verda
864 1103 986 1154 devexus
1006 1099 1041 1152 ab
1059 1101 1139 1152 Indis

33 1187 54 1219 s.
68 1169 140 1232 293..
156 1169 226 1234 Nili,
250 1187 301 1220 non
322 1171 420 1239 Gangis
438 1187 538 1222 cursum
555 1167 707 1222 indicantia.
741 1171 858 1239 lleyuius
878 1181 906 1222 et
920 1169 1029 1222 Vossius
1042 1169 1137 1220 ostium

32 1238 177 1306 lunopicum
193 1250 220 1290 et
232 1239 392 1292 Pelusiacum
407 1239 448 1291 his
466 1239 552 1292 verbis
572 1239 703 1308 designari
721 1249 851 1304 statuunt3
875 1240 922 1292 red
940 1239 999 1292 vide
1019 1237 1137 1308 primum,

31 1325 97 1374 *unm
117 1308 168 1359 hoc
188 1309 223 1359 sit
241 1317 321 1360 tenue
334 1310 361 1360 h.
380 1309 408 1374 l.‚
425 1319 561 1377 utramque
573 1307 629 1360 Nili
649 1309 734 1378 ripam
748 1309 956 1371 commemoraris
973 1318 1044 1370 tum,
1061 1305 1084 1358 si
1097 1325 1137 1370 ea,

34 1393 85 1427 nae
106 1376 169 1428 inde
184 1396 200 1430 a
218 1395 255 1430 vs.
277 1381 338 1433 290.
355 1379 489 1446 leguntur,
507 1395 584 1430 unum
600 1377 693 1430 ostium
711 1379 872 1432 Pelusiacum
890 1379 1042 1448 designant,
1066 1375 1136 1440 vide,

31 1463 96 1514 gnam
110 1464 200 1515 purum
213 1457 276 1514 apte
292 1449 404 1500 insertus
416 1447 451 1500 sit
464 1465 562 1500 versus.
597 1452 636 1500 Es
658 1448 804 1502 diuerso
822 1467 908 1500 ruens
928 1461 1059 1520 septem
1075 1446 1136 1497 dis-

31 1517 105 1566 um'r
123 1518 151 1566 irs
173 1535 248 1578 ora,
273 1517 385 1586 denique
402 1517 444 1570 vix
462 1517 619 1588 probabitur
640 1516 757 1586 cuiqnam
780 1517 856 1570 nimis
872 1517 958 1587 ampla
978 1527 1006 1569 et
1024 1517 1136 1567 verbosa

31 1583 72 1634 lili
84 1583 228 1654 descriptio
252 1585 341 1667 posito
358 1586 439 1656 ipsius
451 1586 507 1638 Nili
524 1605 561 1638 vs.
578 1587 638 1640 288-
652 1587 765 1639 nomine.
798 1588 850 1640 Sed
868 1587 990 1656 leguntur
1002 1585 1032 1636 hi
1045 1601 1135 1637 versus

30 1671 42 1704 n
62 1653 182 1705 omuibus
197 1654 274 1706 libris
291 1674 351 1707 mss.
388 1655 516 1707 Nimirum
536 1655 605 1706 valet
625 1653 658 1706 ed
670 1672 732 1720 eos,
747 1658 915 1720 291499,
936 1655 1007 1738 qnod
1019 1653 1135 1723 lleynins

30 1725 90 1774 nV.
109 1724 140 1773 1..
159 1723 265 1785 stotnit,
289 1725 410 1794 quodque
432 1727 489 1794 ipsc
504 1724 558 1776 dixi
575 1725 609 1775 ad
628 1726 676 1776 Ge.
696 1727 744 1790 lV,
766 1727 843 1780 203.:
866 1727 949 1777 viden
968 1725 1072 1795 quidem
1084 1723 1134 1773 hoa

32 1811 67 1844 ss.
85 1810 142 1843 esse
156 1792 278 1860 Virgilii,
295 1794 343 1846 sed
357 1794 466 1862 margini
485 1793 583 1846 codicis
595 1795 708 1846 fortasse
724 1795 757 1846 ub
778 1797 838 1876 ipso
852 1795 953 1858 allitus,
982 1805 1040 1858 aut,
1063 1791 1135 1861 quod
1160 1845 1168 1864 ι

30 1861 97 1928 rugis
110 1861 264 1932 probabile,
282 1863 382 1914 exaliis
399 1863 453 1916 eius
466 1863 636 1928 carminibus,
663 1863 808 1932 deperditis
828 1864 880 1916 illis
893 1863 1012 1934 quidem,
1036 1863 1069 1914 ab
1082 1859 1133 1912 ali-

33 1947 69 1981 no
85 1929 242 2000 adscriptos,
259 1942 287 1983 et
300 1932 361 1984 hinc
376 1933 402 1984 in
417 1943 489 1984 textu
504 1933 630 1984 invectos.
664 1933 741 1984 Cuius
754 1934 794 1984 rei
806 1933 871 1986 fides
886 1933 994 1985 mirifice
1008 1933 1036 1984 h.
1049 1931 1068 1982 l.
1084 1947 1133 1980 ao-

32 2011 93 2050 etur
108 2017 155 2066 eo,
173 2001 243 2070 quod
258 2001 355 2070 triplex
371 2011 411 2054 est
424 2001 542 2054 codicum
557 2002 624 2053 inter
642 2019 671 2054 se
686 2001 862 2072 discrepantia
875 2004 903 2054 in
918 2001 1078 2055 collocandis
1091 1999 1133 2050 his

29 2069 142 2120 ersibns.
176 2071 228 2122 Sed
240 2071 548 2140 persequamurreliqna.
582 2071 657 2122 Nihil
675 2071 735 2124 dico
747 2071 781 2124 de
794 2071 921 2141 epithetis
938 2072 1034 2124 viridis
1047 2079 1074 2122 et
1087 2069 1133 2120 ni-

29 2157 80 2198 *rn3
98 2156 251 2220 quamquem
265 2150 341 2192 erunt
354 2151 462 2208 praeter
478 2143 632 2210 bryantnm,
649 2141 743 2210 quihus
760 2141 826 2194 haec
839 2143 922 2194 minus
936 2141 1065 2212 placeant.
1099 2143 1134 2188 at
1233 2165 1236 2173 ·

29 2215 127 2259 'ersis
145 2210 275 2276 quomodo
294 2215 453 2280 Aegypto
473 2211 559 2263 vicina
572 2209 624 2262 dici
638 2209 730 2279 possit,
748 2228 800 2262 non
814 2223 921 2279 expnto.
948 2211 1059 2264 Parthos
1072 2225 1132 2259 sae-

32 2295 78 2328 ec
95 2277 182 2345 poetis
197 2277 249 2330 dici
262 2280 370 2344 Persas,
392 2298 480 2330 rerum
497 2292 537 2332 est
548 2279 652 2350 quidem
658 2300 666 2344 5
690 2279 739 2330 sed
751 2279 842 2333 Parthi
857 2281 935 2333 etiarn
951 2298 1002 2350 quo
1018 2280 1074 2330 inre
1088 2276 1132 2328 di·

29 2357 104 2398 nutur
117 2347 144 2398 in
156 2347 273 2399 confiniis
290 2350 405 2431 Aegypti
420 2349 557 2412 habiture,
573 2365 625 2400 non
643 2349 772 2416 intelligo.
797 2353 891 2419 Neque
906 2351 928 2400 is
941 2359 981 2401 est
996 2349 1039 2400 hic
1049 2347 1132 2410 locus,

29 2415 57 2466 bi
77 2415 156 2467 liceat
174 2415 282 2470 liberius
298 2429 337 2468 nts
356 2417 512 2487 populorum
525 2417 685 2469 nominibus:
709 2435 803 2485 nempe
821 2419 849 2469 in
864 2419 915 2470 situ
926 2417 1042 2470 locorum
1053 2433 1132 2468 accu-

28 2483 93 2536 ndns
105 2483 253 2538 definiendo
267 2504 313 2538 soa
328 2497 356 2538 et
367 2487 476 2568 proprie
487 2485 673 2538 vocabulorum
684 2485 794 2538 notione
808 2481 932 2540 nte'ndnnr
946 2499 1001 2552 est,
1019 2495 1048 2535 nt
1063 2483 1131 2535 laci-

28 2553 636 2694 tillittltutttt.lttttttltttt
651 2555 1132 2694 „3t55202l3b33t1'03ttrt

235 2663 242 2688 i

28 2692 75 2743 rr?
94 2711 152 2744 unm
173 2693 328 2746 eiiciendum
347 2694 495 2763 putabimus
514 2711 552 2744 vs.
565 2691 648 2747 290.?
680 2697 714 2744 At
727 2691 808 2744 verba
827 2695 914 2744 omnia
932 2693 1008 2764 regio
1020 2709 1058 2741 vs.
1070 2689 1131 2744 294.

28 2762 54 2812 ix
71 2761 191 2814 videntur
203 2763 343 2815 admittere
363 2763 430 2816 hanc
445 2761 545 2814 critices
560 2761 740 2824 severitatem
762 2779 847 2830 neque
863 2762 930 2813 enim
946 2759 1072 2812 credibile
1084 2769 1132 2824 est,

29 2851 79 2883 nec
99 2842 205 2900 poetam
228 2832 390 2885 adiecturum
410 2832 505 2896 luisse,
527 2831 626 2884 sicum
644 2831 724 2884 modo
742 2841 852 2882 uectum
866 2829 979 2898 intelligi
997 2829 1131 2892 voluisset,

28 2901 55 2950 ui
73 2911 114 2952 eat
129 2901 196 2954 circe
212 2901 353 2970 Canopum.
387 2903 493 2970 Integer
507 2911 548 2952 est
558 2900 639 2970 igitur
654 2909 681 2952 et
693 2901 833 2968 genuinus,
851 2899 951 2971 siquid
962 2898 1049 2964 video,
1068 2915 1131 2950 ver-

28 2989 54 3020 ns
78 2972 139 3024 290.
179 2975 217 3023 Ac
239 2972 354 3023 Persidis
379 2971 485 3024 nomine
503 2967 613 3023 indicari
632 2987 740 3038 regnum
756 2967 918 3036 Parthicum,
941 2968 1006 3025 mihi
1027 2984 1131 3038 qnoque

30 3057 162 3090 emunsnm
184 3050 237 3102 estr
256 3041 293 3092 sic
312 3041 381 3092 enirn
399 3042 491 3092 Persas
505 3039 592 3092 vocari
614 3055 675 3104 eos,
692 3038 737 3108 qni
756 3039 865 3108 proprie
876 3039 968 3092 Parthi
980 3035 1131 3109 appellnndi

28 3119 101 3172 rant,
120 3125 151 3158 ex
165 3110 295 3162 communi
306 3122 442 3181 poetarum
456 3127 504 3161 nsn
516 3109 587 3161 iuter
601 3125 690 3160 omues
703 3109 838 3160 constabat
849 3107 899 3160 illo
913 3120 1040 3180 tempore.
1064 3109 1131 3159 Par·

28 3195 71 3229 ros
90 3189 175 3229 autem
188 3179 335 3248 Euphrates
358 3191 411 3234 tum
426 3179 580 3247 seiungebnt
597 3179 799 3230 allomanorum
818 3177 938 3247 imperio.
973 3179 1012 3230 lta
1031 3195 1063 3228 ne
1077 3181 1131 3244 Sy·-

28 3247 75 3298 ium
89 3257 154 3314 puto
168 3265 184 3298 a
194 3248 307 3316 Virgilio
321 3249 363 3300 his
377 3249 463 3301 verbis
477 3245 625 3318 significari.
661 3247 739 3312 Quod
751 3257 836 3300 annm
858 3249 892 3300 de
907 3247 1022 3318 syriani
1042 3247 1062 3298 il
1076 3245 1131 3298 tale

38 3316 171 3368 veteribus
190 3317 363 3400 scriptoribus
385 3318 526 3370 memoriae
543 3316 677 3387 proditum
695 3327 750 3382 est,
775 3315 841 3368 nihil
858 3333 906 3369 nos
920 3333 1025 3370 morere
1041 3317 1131 3380 debet,

28 3386 89 3436 rodo
105 3393 223 3450 constet,
241 3386 355 3469 sduqood
368 3406 401 3439 ex
412 3387 477 3457 ipsis
491 3388 577 3438 verbis
591 3385 706 3506 perspici
719 3387 853 3452 existimo,
874 3403 931 3438 eam
941 3385 1037 3448 fuisse,
1054 3401 1130 3454 quum

28 3455 84 3519 ixi,
100 3465 196 3522 poetae
208 3455 366 3526 opinionem.
402 3459 455 3508 lam
469 3474 532 3508 vero
544 3456 603 3507 vide
617 3456 653 3506 mi
673 3455 697 3519 i,
714 3474 789 3525 quum
800 3455 879 3507 alieni
891 3455 944 3506 sint
955 3455 988 3506 ab
1003 3453 1053 3506 hec
1067 3471 1130 3504 ora·

28 3541 84 3576 one
98 3534 152 3576 tres
169 3525 279 3593 proximi
293 3527 397 3578 versus!
416 3543 480 3596 qnos
495 3526 546 3577 iam
560 3542 608 3588 eo,
625 3525 695 3576 unde
707 3525 885 3596 irrepserunt,
900 3523 1043 3594 remigrare
1059 3523 1130 3575 inssi.

28 3604 131 3645 eterum
148 3593 244 3660 miror,
261 3595 406 3664 lleynium,
423 3595 470 3646 lul.
485 3594 574 3648 Sabini
589 3595 744 3648 auctoritate
756 3605 866 3658 motum,
884 3593 981 3646 dudum
997 3611 1011 3645 e
1027 3591 1130 3644 larim-

28 3675 64 3714 ste
86 3661 196 3714 eiectum
218 3665 373 3717 vocabulum
392 3666 521 3718 vicinium
539 3681 663 3717 revocare
683 3664 805 3716 voluisse.
838 3665 898 3717 Wr.
1007 3661 1131 3717 2981110

32 3731 133 3784 ottend.
155 3751 196 3802 pr.
216 3751 265 3801 pro
288 3749 342 3786 var.
362 3733 424 3785 lect.
441 3732 493 3787 rori
520 3737 619 3803 Usque.
662 3734 790 3786 devectam
807 3749 878 3784 nonn
916 3748 946 3782 os
958 3729 1071 3816 legisse,
1096 3747 1129 3781 ne

28 3802 125 3864 ubites;
150 3819 227 3853 sensu
268 3801 328 3854 laue
348 3802 454 3862 eodem
478 3803 526 3854 sed
553 3802 637 3854 minus
657 3803 775 3871 poetices
805 3801 876 3870 quod
900 3799 995 3852 declivi
1017 3800 1059 3852 via
1078 3800 1129 3853 de-

28 3881 105 3935 utur,
127 3870 156 3921 id
177 3881 219 3922 est
291 3889 378 3924 esum.
413 3870 448 3923 ub
467 3872 550 3924 undis
568 3874 661 3924 Prauc.
746 3870 799 3926 294
814 3873 845 3922 sis
863 3871 937 3922 barre
957 3873 1066 3924 homan.
1081 3887 1129 3920 re·

28 3941 55 3992 io
72 3951 174 3991 eertum
192 3942 284 3994 Pranc.
325 3953 400 3993 certe
415 3942 509 3994 Medic.
529 3959 546 3994 a
570 3960 604 3993 m.
621 3958 662 4022 pr.
696 3943 767 3997 iaces
784 3941 893 3992 lloman.
913 3940 980 3992 Gnd.
1003 3957 1019 3992 a
1039 3957 1074 3991 m.
1088 3956 1129 4008 pr.

28 4019 36 4060 t
51 4007 104 4060 alu
122 4007 212 4077 (etiam
231 4009 259 4061 iu
278 4010 398 4062 Mediceo
415 4013 482 4063 iacit
492 4019 606 4062 mutatur
619 4027 646 4060 sn
660 4011 743 4070 inem
766 4007 848 4072 male,
866 4026 1018 4078 quemqnam
1032 4003 1127 4076 ἀρχαϊ-

28 4078 65 4140 nic
77 4077 194 4130 locutum
205 4089 311 4148 poetam
332 4079 424 4148 aliquis
444 4079 545 4132 dixerit
565 4080 637 4146 Wr.)
674 4079 747 4150 perit
763 4079 896 4144 Venetus,
921 4095 953 4131 ex
965 4079 1128 4148 interpreta-

28 4165 89 4201 οπο.
123 4145 207 4200 imbre
219 4147 357 4202 salubrem
368 4149 422 4201 llrl'.
435 4167 451 4201 a
463 4167 497 4200 m.
509 4167 558 4220 pn,
581 4159 690 4216 stupore
707 4145 817 4200 librerii.

28 4309 71 4364 re,
93 4287 169 4350 lines
182 4305 270 4368 ssupe
284 4309 347 4348 uon
361 4289 432 4348 satis
449 4289 548 4349 subti-
590 4289 719 4350 locatam
734 4285 820 4348 vides
835 4305 873 4346 ex
885 4305 978 4347 versa.
995 4286 1127 4347 Homero

29 4385 91 4450 tar,
127 4395 167 4434 ex
191 4373 385 4456 geographica
414 4375 545 4452 tutione,
586 4374 710 4434 tributis
740 4373 822 4454 apud
851 4371 974 4434 Diodor.
1000 4373 1055 4448 ΙΙΙ,
1076 4375 1127 4436 66-

28 4461 169 4541 esignnre.
191 4461 302 4541 Nysam
319 4459 358 4522 ed
371 4459 472 4522 Nilum
480 4461 546 4522 col-
589 4463 705 4537 Persia,
727 4459 761 4520 h.
784 4459 805 4520 l.
824 4479 879 4540 pro
904 4458 1032 4542 imperio
1051 4457 1127 4516 Par-
