2652 5032
214 375 291 448 448
460 369 502 444 Ρ.
528 360 792 444 VIRGILII
826 363 1101 441 MARONIS

215 554 392 640 Semina3
417 576 520 629 neve
536 551 624 630 olea
642 550 827 627 silvestris
840 551 971 626 insere
984 563 1154 628 truncos:

212 663 314 736 Nam
330 657 450 756 saepe
465 655 628 730 incautis
644 653 868 755 pastoribus
883 654 1026 730 excidit
1038 656 1150 754 ignis,

215 762 308 856 Qui,
338 757 477 834 furtim
492 758 627 860 pingui
642 758 819 860 primurn
833 757 906 832 sub
924 759 1072 834 cortice
1086 767 1213 848 tectus,

212 864 377 943 Robora
394 861 645 962 conprendit,
660 859 911 962 frondesque
926 860 1080 964 elapsus
1097 859 1224 937 inaltus
1235 857 1287 934 305

267 965 353 1080 302.
378 1003 491 1076 Nave
506 1019 631 1073 ossas

247 1207 302 1264 802
319 1207 381 1260 olea
398 1205 503 1268 Medio,
520 1203 591 1274 quod
608 1205 801 1258 incommodum
820 1217 904 1269 esset;
929 1224 984 1259 uon
1006 1207 1075 1260 euim
1093 1206 1135 1258 bic
1152 1205 1183 1256 de
1200 1199 1288 1253 insitione

215 1279 311 1346 agitur.
336 1280 458 1328 inserere
469 1275 513 1326 bic
526 1283 566 1325 est
579 1273 745 1328 interserere.
765 1276 858 1344 (Olea-r
871 1277 941 1346 apud
954 1277 1064 1345 Foggin.
1078 1287 1106 1328 et
1117 1275 1173 1328 binc
1185 1283 1234 1324 nata
1243 1267 1289 1320 bani

215 1347 294 1400 dubie
309 1345 468 1414 reliquorum
483 1343 559 1395 codd.
571 1343 652 1397 lectio
668 1345 752 1397 oleae.
788 1345 876 1413 sigma
893 1347 1040 1415 eproximo
1061 1363 1117 1397 voe.
1133 1345 1250 1398 silvestres
1258 1339 1289 1389 ad-
1305 1403 1306 1408 ¹

214 1416 308 1470 haesit.
332 1417 429 1466 Veram
440 1413 581 1464 lectionem
597 1415 671 1476 olea,
690 1414 890 1483 mamertini,
908 1433 986 1484 quum
1000 1416 1223 1472 succutiuntur,
1240 1425 1289 1478 qum

216 1505 230 1538 e
266 1485 343 1538 liceri
356 1483 383 1534 in
394 1483 487 1546 Notis,
504 1493 575 1546 tum,
592 1492 699 1554 praeter
713 1484 824 1536 Plinium
838 1485 866 1536 in
878 1485 942 1536 Not.
956 1485 1105 1550 laudatum,
1122 1482 1242 1538 Palladius.
1254 1497 1290 1528 us-

214 1506 312 1608 uidisse
326 1555 391 1606 baec
405 1553 463 1622 ipsa
475 1551 581 1620 Virgilii
594 1553 675 1604 rerba
687 1553 845 1623 respiciens,
867 1555 902 1618 V,
918 1555 960 1608 2:
978 1557 1073 1620 „Nunc
1090 1554 1154 1606 locis
1171 1547 1290 1619 temperati.

215 1626 285 1680 oliva
298 1623 437 1676 inseratur.
455 1651 488 1660 -
504 1651 536 1660 —
562 1622 615 1674 Sed
627 1631 656 1672 ut
669 1622 784 1674 oleastro
799 1623 915 1688 inseras,
933 1635 1027 1678 contra
1045 1623 1128 1688 illud,
1145 1621 1208 1692 qaod
1225 1615 1290 1668 exoli·

215 1705 277 1746 veto
297 1693 376 1744 insito
403 1701 430 1742 et
452 1709 512 1744 casu
532 1689 638 1742 incenso
656 1693 802 1744 renascitur
823 1693 937 1744 oleaster
954 1691 1062 1756 infelix,
1096 1692 1132 1744 aie
1149 1687 1290 1762 providerim

216 1769 283 1816 est.“
302 1773 351 1815 etc.
376 1761 447 1828 Wr.)
516 1762 569 1815 ³⁰3
586 1763 646 1812 lam
664 1778 746 1832 saepe
769 1761 836 1814 coni.
857 1762 947 1814 Heius.
982 1763 1082 1816 incidit
1102 1763 1237 1846 iguislleu
1254 1755 1280 1807 π’

209 1829 319 1974 ῗρπέσῃ
331 1823 504 1955 iigiflomer.
518 1829 591 1882 Iliad.
604 1831 627 1894 1,
646 1830 706 1893 155,
723 1832 771 1883 sed
785 1841 856 1882 recte
869 1842 947 1900 urget
959 1834 1045 1883 Bnrm.
1058 1828 1095 1886 τὸ
1110 1831 1223 1884 taceatis.
1260 1769 1291 1880 iil

230 1916 314 1955 ortem
326 1903 370 1952 Me
399 1917 422 1950 c.
435 1917 496 1950 am.
513 1917 552 1968 pr.
577 1899 966 1971 uetuasubcortieeprimum
980 1901 1083 1952 anicb.
1151 1899 1198 1955 306
1211 1897 1291 1966 illapsas

216 1972 257 2024 ed.
271 1973 352 2036 Van,
369 1968 446 2034 male,
462 1969 547 2021 Bnrm.
563 1968 695 2038 Georgi,
711 1969 765 2025 244
775 1971 856 2040 flexu
873 1972 986 2024 sinuoso
999 1969 1122 2023 elabitur
1131 1957 1244 2040 asignia*

216 2147 277 2226 agit
300 2153 406 2226 poeta,
435 2165 499 2204 non
527 2143 565 2204 de
590 2144 755 2204 arboribus.
798 2145 903 2220 mbos,
927 2165 989 2206 non
1009 2145 1133 2222 fertilie3
1157 2141 1220 2201 binc
1235 2137 1306 2195 etim

215 2233 243 2292 la
267 2231 329 2312 ipse
360 2214 634 2310 est'lnterpretum
661 2249 755 2290 error.
798 2231 909 2312 optime
933 2231 989 2291 aibi
1017 2229 1202 2312 respondent
1218 2222 1292 2283 states

215 2317 350 2380 Primum
362 2315 508 2377 verbavs.
517 2319 588 2380 801.
609 2337 668 2374 neu
668 2315 755 2394 sem
798 2325 829 2375 et
835 2317 928 2395 soliis
950 2319 1079 2376 marsis.
1126 2313 1241 2392 Denique
1255 2303 1293 2364 nl

215 2403 302 2463 taeda
315 2414 411 2462 nuceo
424 2405 556 2476 semina,
579 2400 654 2479 quid
670 2401 756 2460 iubet
797 2403 832 2464 V.
845 2403 877 2461 L.
890 2421 935 2461 vs.
947 2405 1019 2467 802.
1040 2405 1098 2464 W
1091 2401 1133 2484 r.)

217 2489 255 2550 de
272 2488 344 2549 solis
370 2488 484 2547 vitibus
510 2487 653 2565 intelligit
688 2496 756 2548 tum
841 2491 912 2552 801.
935 2491 1007 2552 802.
1040 2487 1086 2546 lle
1107 2487 1165 2547 hoc
1178 2485 1294 2566 praecepit

216 2595 280 2636 non
300 2582 383 2635 recte
414 2594 459 2633 vs.
482 2575 555 2638 302.
585 2575 678 2630 auen
698 2593 755 2652 pro
797 2571 860 2634 vid.
887 2572 1003 2632 Colum.
1032 2573 1093 2650 lv,
1120 2573 1175 2647 24,
1202 2573 1243 2634 21.
1263 2564 1306 2625 18

216 2665 351 2721 murem
365 2659 480 2718 dictum
493 2657 610 2717 volunt.
632 2657 675 2716 De
683 2677 756 2718 vera
798 2661 869 2723 802.
892 2659 1015 2717 &meisa
1024 2703 1034 2734 ,
1059 2659 1179 2734 surculi,
1201 2667 1306 2720 saw}

215 2745 358 2808 insitione
371 2744 455 2823 loqui
466 2751 599 2824 poetam,
626 2743 757 2802 clamant
798 2752 847 2819 ta,
869 2763 946 2822 quae
957 2744 1051 2804 modo
1058 2747 1194 2823 ptume.
1220 2739 1291 2802 3⁰2-
1305 2739 1306 2742 ’

215 2852 276 2894 vas.
288 2834 361 2896 313.
375 2827 447 2894 814.
469 2829 559 2888 Vetat
573 2838 663 2908 posta
677 2829 758 2889 oleae
800 2828 873 2893 814.
901 2829 963 2891 Nec
993 2832 1110 2904 unere,
1145 2851 1167 2890 a
1193 2827 1293 2886 intem

217 2916 352 2977 surculos
365 2914 501 2974 oleastris
519 2914 626 2990 inseri;
652 2915 758 2974 incen-
800 2915 943 2975 oleastros
958 2914 1040 2975 inter
1062 2915 1155 2992 vitea3
1174 2911 1306 2991 quinam

95 3009 100 3020 ⁸
218 3003 268 3062 dio
283 3001 361 3060 enim
373 3001 459 3060 facile
473 2999 655 3060 absumitale
667 3001 759 3060 arbo-
800 3019 891 3080 quam
914 3000 1007 3082 spissa
1041 3010 1075 3060 et
1107 2999 1213 3081 pinguia
1236 2990 1294 3050 arbor

216 3096 333 3162 retrun3
353 3085 554 3164 quaeritat,
576 3105 638 3146 non
653 3085 701 3146 sui
713 3085 759 3145 si-
801 3081 875 3167 (virt
890 3083 1092 3166 Theopbraat.
1106 3086 1180 3146 nisa
1192 3082 1265 3142 Plant
1273 3069 1294 3139 1,

216 3173 300 3234 miles
326 3171 448 3231 arbores
475 3171 670 3248 retirescsre,
705 3171 759 3230 sed
803 3174 842 3234 10
859 3169 978 3236 assata
993 3171 1049 3234 stul
1066 3165 1221 3250 hassia),
1240 3156 1306 3248 [sats

218 3259 396 3338 degenerare
422 3277 527 3317 rursus
551 3257 584 3316 in
605 3257 757 3317 oleastros.
798 3255 897 3335 ignem
910 3257 1059 3337 concipit,
1083 3267 1115 3317 et
1131 3252 1248 3316 inerudita
1257 3247 1306 3304 1¹²²*

217 3345 260 3404 De
279 3343 392 3404 vitibus
413 3343 465 3422 qui
492 3341 568 3404 baec
597 3342 758 3423 accipiunt,
799 3361 903 3422 sparso
932 3351 1035 3402 totam
1072 3343 1188 3403 vineam
1220 3337 1306 3404 mill-3

217 3430 343 3492 videant
356 3429 498 3510 primum,
520 3449 611 3508 quam
624 3427 686 3489 vim
698 3426 758 3487 ba·
798 3425 875 3487 Male
884 3424 987 3508 (immo
999 3431 1100 3488 recte!
1111 3428 1171 3488 vid
1183 3439 1245 3504 qutt
1255 3416 1295 3474 ⁰²*

217 3517 289 3576 beat
306 3513 384 3575 illud
403 3517 515 3574 sinaites
537 3517 681 3591 us.313.;
700 3533 758 3573 ne·
798 3507 1294 3594 puuvimnsinttoaadvsasttsft

217 3611 328 3683 gantur
356 3599 667 3678 revertiposse3
689 3597 758 3658 atei
799 3597 881 3658 unde
902 3598 1133 3678 etiamreliqua
1161 3597 1195 3656 ab
1213 3592 1295 3666 ileyw

218 3709 282 3749 non
299 3694 425 3768 possunt
454 3684 584 3759 reverti,
621 3685 758 3764 ineptum
798 3704 862 3743 non
884 3684 955 3743 satis
972 3693 1055 3744 recte
1075 3683 1203 3766 exposita
1225 3687 1294 3732 em·

218 3783 285 3836 erat
295 3771 355 3832 boc
374 3771 515 3831 adiicere:
536 3789 610 3830 nec
630 3771 688 3830 sui
708 3769 758 3829 si·
799 3767 872 3828 dare
885 3767 970 3829 facile
984 3771 1108 3850 poteris.
1125 3763 1206 3846 Wr.)
1223 3751 1294 3822 laici²

218 3860 328 3921 miles
349 3857 501 3918 reverti
521 3874 640 3936 posse.
661 3857 757 3914 Porro
799 3853 938 3914 insitione
961 3855 1097 3916 olearum
1119 3849 1247 3931 cogitabat
1260 3837 1293 3896 ll‘

218 3945 290 4006 vide
314 3943 434 4004 inanem
457 3951 599 4002 ornatum
617 3961 662 4001 va.
685 3938 757 4004 814.
800 3947 876 4000 ctor.
897 3939 938 4003 ad
956 3941 1086 4002 varran.
1105 3939 1132 4014 1,
1149 3938 1196 4010 40,
1213 3931 1237 3995 4.
1268 3923 1306 4018 ⁰²

208 4031 442 4110 solsiramaria.
487 4027 547 4087 Sed
560 4036 640 4086 tersa
658 4023 758 4086 amaria
799 4025 928 4085 oleastro
955 4026 1027 4086 oleis
1046 4022 1212 4104 interpono
1234 4009 1306 4080 ⁸²⁰²,

219 4125 251 4174 et
277 4133 425 4193 congrua,
454 4112 479 4172 si
507 4133 603 4174 meam
624 4111 756 4190 sequeris
798 4131 870 4186 nus,
891 4131 1059 4192 perperam.
1100 4097 1292 4188 ffimmsdnt·

144 4255 149 4268 ,
218 4199 512 4278 interpretationem:
555 4217 617 4258 non
651 4215 757 4257 rever-
797 4185 930 4258 strar'mn
950 4197 1106 4258 unarum
1121 4192 1247 4254 rationem
1260 4198 1291 4234 tt

219 4294 329 4345 tuntur
350 4286 483 4362 uberes,
514 4285 534 4344 i.
557 4304 582 4342 e.
602 4303 664 4342 non
688 4301 756 4357 eae,
799 4281 989 4359 deridebat,
1018 4283 1052 4342 in
1071 4281 1155 4340 vinea
1171 4273 1291 4345 talenti*

221 4389 298 4450 quac
311 4369 402 4428 modo
423 4372 562 4444 fuerant,
590 4367 642 4426 aed
668 4367 758 4426 disai-
798 4377 915 4428 storum
936 4368 1082 4431 inmeritus
1103 4366 1193 4424 lemn
1212 4353 1291 4414 ⁰⁸⁰²*

220 4455 317 4530 mileu
345 4453 468 4530 infelix,
494 4453 657 4515 infecunda
679 4451 758 4514 redit
797 4455 945 4533 potuisse3
965 4463 997 4513 at
1010 4453 1044 4513 ia
1059 4439 1289 4514 [masnade
