<?xml version="1.0" encoding="UTF-8"?>
<!DOCTYPE html PUBLIC "-//W3C//DTD XHTML 1.0 Transitional//EN"
    "http://www.w3.org/TR/xhtml1/DTD/xhtml1-transitional.dtd">
<html xmlns="http://www.w3.org/1999/xhtml" xml:lang="en" lang="en">
 <head>
  <title>
</title>
<meta http-equiv="Content-Type" content="text/html;charset=utf-8" />
  <meta name='ocr-system' content='tesseract 3.04.00' />
  <meta name='ocr-capabilities' content='ocr_page ocr_carea ocr_par ocr_line ocrx_word'/>
</head>
<body>
  <div class='ocr_page' id='page_1' title='image "./publiusvirgiliu00virggoog/publiusvirgiliu00virggoog_0660.png"; bbox 0 0 2730 5016; ppageno 0'>
   <div class='ocr_carea' id='block_1_1' title="bbox 218 275 1185 410">
    <p class='ocr_par' dir='ltr' id='par_1_1' title="bbox 218 275 1185 410">
     <span class='ocr_line' id='line_1_1' title="bbox 218 275 1185 410; baseline 0.019 -59"><span class='ocrx_word' id='word_1_1' title='bbox 218 275 581 356; x_wconf 80' lang='lat' dir='ltr'>enoncrnon</span> <span class='ocrx_word' id='word_1_2' title='bbox 605 280 796 378; x_wconf 77' lang='lat' dir='ltr'>mutu,</span> <span class='ocrx_word' id='word_1_3' title='bbox 818 290 1032 410; x_wconf 66' lang='lat'><strong>1793-190</strong></span> <span class='ocrx_word' id='word_1_4' title='bbox 1108 290 1185 368; x_wconf 77' lang='lat' dir='ltr'>ess</span> 
     </span>
    </p>
   </div>
   <div class='ocr_carea' id='block_1_2' title="bbox 36 432 1183 673">
    <p class='ocr_par' dir='ltr' id='par_1_2' title="bbox 36 432 1183 673">
     <span class='ocr_line' id='line_1_2' title="bbox 36 432 1144 566; baseline 0.012 -28"><span class='ocrx_word' id='word_1_5' title='bbox 36 461 278 558; x_wconf 85' lang='lat' dir='ltr'>invalidus,</span> <span class='ocrx_word' id='word_1_6' title='bbox 307 464 508 566; x_wconf 86' lang='lat' dir='ltr'>etiamque</span> <span class='ocrx_word' id='word_1_7' title='bbox 528 477 722 560; x_wconf 88' lang='lat' dir='ltr'>tremens,</span> <span class='ocrx_word' id='word_1_8' title='bbox 750 470 869 552; x_wconf 85' lang='lat' dir='ltr'>etiam</span> <span class='ocrx_word' id='word_1_9' title='bbox 886 468 1031 546; x_wconf 86' lang='lat' dir='ltr'>inscius</span> <span class='ocrx_word' id='word_1_10' title='bbox 1049 432 1144 552; x_wconf 78' lang='lat' dir='ltr'>uevi.</span> 
     </span>
     <span class='ocr_line' id='line_1_3' title="bbox 38 565 1183 673; baseline 0.014 -32"><span class='ocrx_word' id='word_1_11' title='bbox 38 571 119 660; x_wconf 85' lang='lat' dir='ltr'>At,</span> <span class='ocrx_word' id='word_1_12' title='bbox 149 565 280 641; x_wconf 85' lang='lat' dir='ltr'>tribus</span> <span class='ocrx_word' id='word_1_13' title='bbox 298 569 456 665; x_wconf 83' lang='lat' dir='ltr'><strong>exactis,</strong></span> <span class='ocrx_word' id='word_1_14' title='bbox 482 567 551 644; x_wconf 92' lang='lat' dir='ltr'>ubi</span> <span class='ocrx_word' id='word_1_15' title='bbox 568 575 704 670; x_wconf 83' lang='lat' dir='ltr'>quarta</span> <span class='ocrx_word' id='word_1_16' title='bbox 718 569 919 673; x_wconf 83' lang='lat' dir='ltr'>adceperit</span> <span class='ocrx_word' id='word_1_17' title='bbox 931 585 1066 673; x_wconf 81' lang='lat' dir='ltr'>aestas,</span> <span class='ocrx_word' id='word_1_18' title='bbox 1110 585 1183 656; x_wconf 84' lang='lat'>190</span> 
     </span>
    </p>
   </div>
   <div class='ocr_carea' id='block_1_3' title="bbox 104 711 462 781">
    <p class='ocr_par' dir='ltr' id='par_1_3' title="bbox 104 711 462 781">
     <span class='ocr_line' id='line_1_4' title="bbox 104 711 462 781; baseline 0.006 -2"><span class='ocrx_word' id='word_1_19' title='bbox 104 711 198 781; x_wconf 86' lang='lat'><strong>190.</strong></span> <span class='ocrx_word' id='word_1_20' title='bbox 224 725 462 781; x_wconf 80' lang='lat' dir='ltr'>aucessenrr</span> 
     </span>
    </p>
   </div>
   <div class='ocr_carea' id='block_1_4' title="bbox 38 929 1249 3780">
    <p class='ocr_par' dir='ltr' id='par_1_4' title="bbox 38 929 1249 2322">
     <span class='ocr_line' id='line_1_5' title="bbox 80 929 1182 998; baseline 0.007 -19"><span class='ocrx_word' id='word_1_21' title='bbox 80 931 140 984; x_wconf 79' lang='lat'>189</span> <span class='ocrx_word' id='word_1_22' title='bbox 162 941 190 980; x_wconf 80' lang='lat' dir='ltr'>et</span> <span class='ocrx_word' id='word_1_23' title='bbox 205 931 312 998; x_wconf 82' lang='lat' dir='ltr'>iamque</span> <span class='ocrx_word' id='word_1_24' title='bbox 327 957 360 967; x_wconf 91' lang='grc'><strong>-</strong></span> <span class='ocrx_word' id='word_1_25' title='bbox 376 939 404 978; x_wconf 81' lang='lat' dir='ltr'>et</span> <span class='ocrx_word' id='word_1_26' title='bbox 416 929 470 980; x_wconf 81' lang='lat' dir='ltr'>iam</span> <span class='ocrx_word' id='word_1_27' title='bbox 486 929 577 980; x_wconf 84' lang='lat' dir='ltr'>Heius.</span> <span class='ocrx_word' id='word_1_28' title='bbox 596 929 756 982; x_wconf 82' lang='lat' dir='ltr'>disiuuxerat</span> <span class='ocrx_word' id='word_1_29' title='bbox 768 929 880 982; x_wconf 83' lang='lat' dir='ltr'>Charisii</span> <span class='ocrx_word' id='word_1_30' title='bbox 900 933 1063 985; x_wconf 85' lang='lat' dir='ltr'>anctoritate.</span> <span class='ocrx_word' id='word_1_31' title='bbox 1096 935 1132 986; x_wconf 83' lang='lat' dir='ltr'>Et</span> <span class='ocrx_word' id='word_1_32' title='bbox 1143 935 1182 988; x_wconf 87' lang='lat' dir='ltr'>sio</span> 
     </span>
     <span class='ocr_line' id='line_1_6' title="bbox 39 998 1182 1080; baseline 0.008 -32"><span class='ocrx_word' id='word_1_33' title='bbox 39 999 111 1048; x_wconf 85' lang='lat' dir='ltr'>libri</span> <span class='ocrx_word' id='word_1_34' title='bbox 136 999 275 1060; x_wconf 84' lang='lat' dir='ltr'>nonnulli;</span> <span class='ocrx_word' id='word_1_35' title='bbox 306 999 339 1052; x_wconf 84' lang='lat' dir='ltr'>ci.</span> <span class='ocrx_word' id='word_1_36' title='bbox 359 998 484 1080; x_wconf 64' lang='lat' dir='ltr'>lJierinnr3</span> <span class='ocrx_word' id='word_1_37' title='bbox 509 1010 536 1052; x_wconf 89' lang='lat' dir='ltr'>et</span> <span class='ocrx_word' id='word_1_38' title='bbox 555 999 614 1052; x_wconf 86' lang='lat' dir='ltr'>edd.</span> <span class='ocrx_word' id='word_1_39' title='bbox 637 1010 702 1052; x_wconf 85' lang='lat' dir='ltr'>vett.</span> <span class='ocrx_word' id='word_1_40' title='bbox 744 1001 883 1054; x_wconf 82' lang='lat' dir='ltr'>Enimvero</span> <span class='ocrx_word' id='word_1_41' title='bbox 899 1004 999 1054; x_wconf 79' lang='lat' dir='ltr'>iom-</span> <span class='ocrx_word' id='word_1_42' title='bbox 1012 1006 1119 1073; x_wconf 80' lang='lat' dir='ltr'>iamque</span> <span class='ocrx_word' id='word_1_43' title='bbox 1136 1015 1182 1058; x_wconf 86' lang='lat' dir='ltr'>aut</span> 
     </span>
     <span class='ocr_line' id='line_1_7' title="bbox 38 1068 1180 1210; baseline 0.004 -22"><span class='ocrx_word' id='word_1_44' title='bbox 38 1068 605 1206; x_wconf 57' lang='lat' dir='ltr'>ffltfonfflt‘pitttittttt,</span> <span class='ocrx_word' id='word_1_45' title='bbox 620 1079 994 1209; x_wconf 59' lang='lat' dir='ltr'>ttt‘sstttttazttttt</span> <span class='ocrx_word' id='word_1_46' title='bbox 1013 1083 1180 1210; x_wconf 61' lang='lat' dir='ltr'>”iigt‘ttff</span> 
     </span>
     <span class='ocr_line' id='line_1_8' title="bbox 39 1205 1180 1280; baseline 0.009 -24"><span class='ocrx_word' id='word_1_47' title='bbox 39 1225 97 1275; x_wconf 88' lang='lat' dir='ltr'>que</span> <span class='ocrx_word' id='word_1_48' title='bbox 118 1205 255 1274; x_wconf 79' lang='lat' dir='ltr'>vulgatior</span> <span class='ocrx_word' id='word_1_49' title='bbox 275 1206 359 1270; x_wconf 88' lang='lat' dir='ltr'>ratio,</span> <span class='ocrx_word' id='word_1_50' title='bbox 377 1208 458 1258; x_wconf 78' lang='lat' dir='ltr'>etium</span> <span class='ocrx_word' id='word_1_51' title='bbox 473 1237 506 1246; x_wconf 96' lang='lat'>—</span> <span class='ocrx_word' id='word_1_52' title='bbox 520 1210 614 1272; x_wconf 79' lang='lat' dir='ltr'>etiam,</span> <span class='ocrx_word' id='word_1_53' title='bbox 631 1208 736 1277; x_wconf 53' lang='lat' dir='ltr'>placen</span> <span class='ocrx_word' id='word_1_54' title='bbox 760 1209 834 1260; x_wconf 86' lang='lat' dir='ltr'>utin</span> <span class='ocrx_word' id='word_1_55' title='bbox 853 1209 1038 1280; x_wconf 84' lang='lat' dir='ltr'>prioreparte</span> <span class='ocrx_word' id='word_1_56' title='bbox 1060 1211 1180 1266; x_wconf 78' lang='lat' dir='ltr'>adiuncta</span> 
     </span>
     <span class='ocr_line' id='line_1_9' title="bbox 40 1275 1179 1346; baseline 0.006 -20"><span class='ocrx_word' id='word_1_57' title='bbox 40 1275 149 1344; x_wconf 84' lang='lat' dir='ltr'>copula</span> <span class='ocrx_word' id='word_1_58' title='bbox 168 1275 259 1343; x_wconf 80' lang='lat' dir='ltr'>iungat</span> <span class='ocrx_word' id='word_1_59' title='bbox 273 1275 374 1344; x_wconf 89' lang='lat' dir='ltr'>reliqua</span> <span class='ocrx_word' id='word_1_60' title='bbox 394 1293 451 1328; x_wconf 85' lang='lat' dir='ltr'>cum</span> <span class='ocrx_word' id='word_1_61' title='bbox 468 1277 654 1330; x_wconf 76' lang='lat' dir='ltr'>antecedenter</span> <span class='ocrx_word' id='word_1_62' title='bbox 682 1279 872 1330; x_wconf 68' lang='lat' dir='ltr'>invalidum</span> <span class='ocrx_word' id='word_1_63' title='bbox 892 1281 1039 1331; x_wconf 81' lang='lat' dir='ltr'>etiamnum</span> <span class='ocrx_word' id='word_1_64' title='bbox 1054 1293 1179 1346; x_wconf 74' lang='lat' dir='ltr'>tremene,</span> 
     </span>
     <span class='ocr_line' id='line_1_10' title="bbox 40 1345 1179 1417; baseline 0.008 -23"><span class='ocrx_word' id='word_1_65' title='bbox 40 1349 205 1395; x_wconf 80' lang='lat' dir='ltr'><em>etiamnum</em></span> <span class='ocrx_word' id='word_1_66' title='bbox 219 1347 323 1396; x_wconf 80' lang='lat' dir='ltr'>inscius</span> <span class='ocrx_word' id='word_1_67' title='bbox 337 1347 406 1396; x_wconf 81' lang='lat' dir='ltr'>aevi.</span> <span class='ocrx_word' id='word_1_68' title='bbox 431 1347 500 1398; x_wconf 85' lang='lat' dir='ltr'>coni.</span> <span class='ocrx_word' id='word_1_69' title='bbox 514 1351 578 1398; x_wconf 81' lang='lat' dir='ltr'>Aen.</span> <span class='ocrx_word' id='word_1_70' title='bbox 592 1349 637 1412; x_wconf 84' lang='lat' dir='ltr'>vt,</span> <span class='ocrx_word' id='word_1_71' title='bbox 654 1345 715 1402; x_wconf 79' lang='lat'><strong>485.</strong></span> <span class='ocrx_word' id='word_1_72' title='bbox 749 1353 834 1416; x_wconf 79' lang='lat' dir='ltr'>Atque</span> <span class='ocrx_word' id='word_1_73' title='bbox 849 1348 884 1400; x_wconf 87' lang='lat' dir='ltr'>ita</span> <span class='ocrx_word' id='word_1_74' title='bbox 898 1349 975 1417; x_wconf 86' lang='lat' dir='ltr'>plane</span> <span class='ocrx_word' id='word_1_75' title='bbox 988 1350 1079 1417; x_wconf 74' lang='lat' dir='ltr'>fragm.</span> <span class='ocrx_word' id='word_1_76' title='bbox 1093 1351 1179 1404; x_wconf 77' lang='lat' dir='ltr'>vatic.</span> 
     </span>
     <span class='ocr_line' id='line_1_11' title="bbox 40 1413 1178 1489; baseline 0.008 -26"><span class='ocrx_word' id='word_1_77' title='bbox 40 1414 149 1466; x_wconf 81' lang='lat' dir='ltr'><strong>Medic.</strong></span> <span class='ocrx_word' id='word_1_78' title='bbox 170 1413 344 1482; x_wconf 87' lang='lat' dir='ltr'>interpolatus</span> <span class='ocrx_word' id='word_1_79' title='bbox 368 1415 528 1484; x_wconf 78' lang='lat' dir='ltr'>iamiamque</span> <span class='ocrx_word' id='word_1_80' title='bbox 547 1428 678 1478; x_wconf 82' lang='lat' dir='ltr'>tremens,</span> <span class='ocrx_word' id='word_1_81' title='bbox 701 1417 810 1468; x_wconf 79' lang='lat' dir='ltr'>iamiam</span> <span class='ocrx_word' id='word_1_82' title='bbox 829 1419 946 1482; x_wconf 83' lang='lat' dir='ltr'>inscius,</span> <span class='ocrx_word' id='word_1_83' title='bbox 974 1435 1030 1470; x_wconf 88' lang='lat' dir='ltr'>cum</span> <span class='ocrx_word' id='word_1_84' title='bbox 1052 1437 1126 1489; x_wconf 88' lang='lat' dir='ltr'>apr.</span> <span class='ocrx_word' id='word_1_85' title='bbox 1145 1438 1178 1472; x_wconf 86' lang='lat' dir='ltr'>m.</span> 
     </span>
     <span class='ocr_line' id='line_1_12' title="bbox 40 1482 1179 1560; baseline 0.005 -26"><span class='ocrx_word' id='word_1_86' title='bbox 40 1488 189 1554; x_wconf 77' lang='lat' dir='ltr'>etiarnque</span> <span class='ocrx_word' id='word_1_87' title='bbox 209 1483 332 1552; x_wconf 85' lang='lat' dir='ltr'>scriptum</span> <span class='ocrx_word' id='word_1_88' title='bbox 351 1482 392 1534; x_wconf 83' lang='lat' dir='ltr'>bis</span> <span class='ocrx_word' id='word_1_89' title='bbox 414 1485 515 1536; x_wconf 64' lang='lat' dir='ltr'>suisset„</span> <span class='ocrx_word' id='word_1_90' title='bbox 544 1485 581 1554; x_wconf 77' lang='lat' dir='ltr'>(iu</span> <span class='ocrx_word' id='word_1_91' title='bbox 595 1485 691 1538; x_wconf 88' lang='lat' dir='ltr'>Medic.</span> <span class='ocrx_word' id='word_1_92' title='bbox 704 1487 790 1538; x_wconf 74' lang='lat' dir='ltr'>fueret</span> <span class='ocrx_word' id='word_1_93' title='bbox 805 1489 939 1556; x_wconf 81' lang='lat' dir='ltr'>etiamque</span> <span class='ocrx_word' id='word_1_94' title='bbox 957 1499 1076 1539; x_wconf 83' lang='lat' dir='ltr'>tremens</span> <span class='ocrx_word' id='word_1_95' title='bbox 1090 1505 1125 1540; x_wconf 89' lang='grc'><strong>·.·.</strong></span> <span class='ocrx_word' id='word_1_96' title='bbox 1149 1501 1179 1560; x_wconf 83' lang='lat' dir='ltr'>tq</span> 
     </span>
     <span class='ocr_line' id='line_1_13' title="bbox 39 1552 1179 1628; baseline 0.005 -24"><span class='ocrx_word' id='word_1_97' title='bbox 39 1555 158 1604; x_wconf 76' lang='lat' dir='ltr'>inscius</span> <span class='ocrx_word' id='word_1_98' title='bbox 172 1555 247 1615; x_wconf 67' lang='grc' dir='ltr'><em>σανίς</em></span> <span class='ocrx_word' id='word_1_99' title='bbox 266 1553 315 1604; x_wconf 89' lang='lat' dir='ltr'>sed</span> <span class='ocrx_word' id='word_1_100' title='bbox 327 1565 354 1604; x_wconf 82' lang='lat' dir='ltr'>et</span> <span class='ocrx_word' id='word_1_101' title='bbox 367 1552 394 1603; x_wconf 91' lang='lat' dir='ltr'>iu</span> <span class='ocrx_word' id='word_1_102' title='bbox 410 1555 492 1606; x_wconf 83' lang='lat' dir='ltr'>etiam</span> <span class='ocrx_word' id='word_1_103' title='bbox 509 1553 623 1608; x_wconf 86' lang='lat' dir='ltr'>miniatis</span> <span class='ocrx_word' id='word_1_104' title='bbox 642 1555 744 1625; x_wconf 84' lang='lat' dir='ltr'>punctis</span> <span class='ocrx_word' id='word_1_105' title='bbox 765 1565 900 1618; x_wconf 81' lang='lat' dir='ltr'>notatum,</span> <span class='ocrx_word' id='word_1_106' title='bbox 921 1567 947 1608; x_wconf 88' lang='lat' dir='ltr'>et</span> <span class='ocrx_word' id='word_1_107' title='bbox 960 1573 1038 1626; x_wconf 81' lang='lat' dir='ltr'>snpra</span> <span class='ocrx_word' id='word_1_108' title='bbox 1054 1557 1179 1628; x_wconf 88' lang='lat' dir='ltr'>scriptum</span> 
     </span>
     <span class='ocr_line' id='line_1_14' title="bbox 41 1621 1178 1694; baseline 0.006 -22"><span class='ocrx_word' id='word_1_109' title='bbox 41 1623 145 1673; x_wconf 88' lang='lat' dir='ltr'>eodem</span> <span class='ocrx_word' id='word_1_110' title='bbox 162 1621 252 1674; x_wconf 85' lang='lat' dir='ltr'>colore</span> <span class='ocrx_word' id='word_1_111' title='bbox 272 1625 340 1684; x_wconf 64' lang='lat' dir='ltr'>ianm</span> <span class='ocrx_word' id='word_1_112' title='bbox 365 1632 419 1674; x_wconf 87' lang='lat' dir='ltr'>tum</span> <span class='ocrx_word' id='word_1_113' title='bbox 440 1636 453 1674; x_wconf 79' lang='lat' dir='ltr'>t</span> <span class='ocrx_word' id='word_1_114' title='bbox 490 1623 553 1676; x_wconf 87' lang='lat' dir='ltr'>item</span> <span class='ocrx_word' id='word_1_115' title='bbox 572 1625 684 1676; x_wconf 84' lang='lat' dir='ltr'>miniatis</span> <span class='ocrx_word' id='word_1_116' title='bbox 705 1624 813 1694; x_wconf 76' lang='lat' dir='ltr'>virgulis</span> <span class='ocrx_word' id='word_1_117' title='bbox 827 1625 977 1676; x_wconf 84' lang='lat' dir='ltr'>transfixum</span> <span class='ocrx_word' id='word_1_118' title='bbox 993 1637 1020 1678; x_wconf 87' lang='lat' dir='ltr'>et</span> <span class='ocrx_word' id='word_1_119' title='bbox 1032 1637 1178 1679; x_wconf 86' lang='lat' dir='ltr'>atramento</span> 
     </span>
     <span class='ocr_line' id='line_1_15' title="bbox 40 1642 1178 1765; baseline 0.006 -24"><span class='ocrx_word' id='word_1_120' title='bbox 40 1711 72 1742; x_wconf 86' lang='lat' dir='ltr'>su</span> <span class='ocrx_word' id='word_1_121' title='bbox 96 1691 270 1760; x_wconf 81' lang='lat' dir='ltr'>rescriptum</span> <span class='ocrx_word' id='word_1_122' title='bbox 285 1694 373 1744; x_wconf 78' lang='lat' dir='ltr'>etiam.</span> <span class='ocrx_word' id='word_1_123' title='bbox 396 1642 470 1762; x_wconf 58' lang='lat' dir='ltr'>Wri</span> <span class='ocrx_word' id='word_1_124' title='bbox 537 1697 698 1765; x_wconf 69' lang='lat' dir='ltr'>inertiamque</span> <span class='ocrx_word' id='word_1_125' title='bbox 712 1695 790 1746; x_wconf 80' lang='lat' dir='ltr'>etiam</span> <span class='ocrx_word' id='word_1_126' title='bbox 810 1695 837 1746; x_wconf 92' lang='lat' dir='ltr'>iu</span> <span class='ocrx_word' id='word_1_127' title='bbox 851 1695 947 1747; x_wconf 88' lang='lat' dir='ltr'>Moret.</span> <span class='ocrx_word' id='word_1_128' title='bbox 961 1696 1054 1764; x_wconf 79' lang='lat' dir='ltr'>fragm.</span> <span class='ocrx_word' id='word_1_129' title='bbox 1089 1698 1178 1748; x_wconf 82' lang='lat' dir='ltr'>Invo-</span> 
     </span>
     <span class='ocr_line' id='line_1_16' title="bbox 40 1760 1179 1842; baseline 0.004 -30"><span class='ocrx_word' id='word_1_130' title='bbox 40 1763 64 1812; x_wconf 74' lang='lat' dir='ltr'>Is&#39;</span> <span class='ocrx_word' id='word_1_131' title='bbox 87 1779 181 1831; x_wconf 73' lang='lat' dir='ltr'>usque</span> <span class='ocrx_word' id='word_1_132' title='bbox 200 1760 298 1842; x_wconf 60' lang='lat' dir='ltr'>Regius</span> <span class='ocrx_word' id='word_1_133' title='bbox 316 1761 432 1813; x_wconf 78' lang='lat' dir='ltr'>Martini.</span> <span class='ocrx_word' id='word_1_134' title='bbox 475 1763 608 1834; x_wconf 81' lang='lat' dir='ltr'>etiamque</span> <span class='ocrx_word' id='word_1_135' title='bbox 627 1763 749 1816; x_wconf 82' lang='lat' dir='ltr'>Perrhae.</span> <span class='ocrx_word' id='word_1_136' title='bbox 822 1765 873 1819; x_wconf 85' lang='lat'>190</span> <span class='ocrx_word' id='word_1_137' title='bbox 889 1769 930 1817; x_wconf 84' lang='lat' dir='ltr'>Ac</span> <span class='ocrx_word' id='word_1_138' title='bbox 948 1765 1052 1834; x_wconf 75' lang='lat' dir='ltr'>Menag.</span> <span class='ocrx_word' id='word_1_139' title='bbox 1081 1783 1121 1836; x_wconf 88' lang='lat' dir='ltr'>pr.</span> <span class='ocrx_word' id='word_1_140' title='bbox 1152 1775 1179 1816; x_wconf 90' lang='lat' dir='ltr'>et</span> 
     </span>
     <span class='ocr_line' id='line_1_17' title="bbox 39 1829 1177 1902; baseline 0.005 -22"><span class='ocrx_word' id='word_1_141' title='bbox 39 1833 113 1898; x_wconf 76' lang='lat' dir='ltr'>Reg.</span> <span class='ocrx_word' id='word_1_142' title='bbox 142 1829 260 1881; x_wconf 73' lang='lat' dir='ltr'>Martini.</span> <span class='ocrx_word' id='word_1_143' title='bbox 303 1844 398 1884; x_wconf 77' lang='lat' dir='ltr'>aeetae</span> <span class='ocrx_word' id='word_1_144' title='bbox 420 1831 510 1883; x_wconf 83' lang='lat' dir='ltr'>Heius.</span> <span class='ocrx_word' id='word_1_145' title='bbox 532 1834 666 1902; x_wconf 88' lang='lat' dir='ltr'>reposuit,</span> <span class='ocrx_word' id='word_1_146' title='bbox 699 1843 729 1885; x_wconf 89' lang='lat' dir='ltr'>ut</span> <span class='ocrx_word' id='word_1_147' title='bbox 749 1833 865 1886; x_wconf 86' lang='lat' dir='ltr'>habebut</span> <span class='ocrx_word' id='word_1_148' title='bbox 888 1837 1034 1900; x_wconf 79' lang='lat' dir='ltr'>Romanus,</span> <span class='ocrx_word' id='word_1_149' title='bbox 1065 1835 1177 1887; x_wconf 84' lang='lat' dir='ltr'>Gudian.</span> 
     </span>
     <span class='ocr_line' id='line_1_18' title="bbox 39 1898 1177 1972; baseline 0.005 -22"><span class='ocrx_word' id='word_1_150' title='bbox 39 1898 160 1952; x_wconf 86' lang='lat' dir='ltr'>Mentel.</span> <span class='ocrx_word' id='word_1_151' title='bbox 179 1918 221 1970; x_wconf 84' lang='lat' dir='ltr'>pr.</span> <span class='ocrx_word' id='word_1_152' title='bbox 237 1918 253 1951; x_wconf 93' lang='lat' dir='ltr'>a</span> <span class='ocrx_word' id='word_1_153' title='bbox 271 1919 305 1951; x_wconf 87' lang='lat' dir='ltr'>m.</span> <span class='ocrx_word' id='word_1_154' title='bbox 344 1918 366 1951; x_wconf 89' lang='lat' dir='ltr'>r.</span> <span class='ocrx_word' id='word_1_155' title='bbox 385 1901 585 1967; x_wconf 70' lang='lat' dir='ltr'>orzilionem,</span> <span class='ocrx_word' id='word_1_156' title='bbox 610 1913 717 1972; x_wconf 83' lang='lat' dir='ltr'>uterque</span> <span class='ocrx_word' id='word_1_157' title='bbox 730 1903 854 1956; x_wconf 75' lang='lat' dir='ltr'>Arundei.</span> <span class='ocrx_word' id='word_1_158' title='bbox 868 1905 971 1968; x_wconf 84' lang='lat' dir='ltr'>Mead.‚</span> <span class='ocrx_word' id='word_1_159' title='bbox 989 1914 1017 1956; x_wconf 85' lang='lat' dir='ltr'>et</span> <span class='ocrx_word' id='word_1_160' title='bbox 1028 1914 1092 1957; x_wconf 86' lang='lat' dir='ltr'>vett.</span> <span class='ocrx_word' id='word_1_161' title='bbox 1106 1905 1177 1970; x_wconf 85' lang='lat' dir='ltr'>edd,</span> 
     </span>
     <span class='ocr_line' id='line_1_19' title="bbox 40 1919 1177 2044; baseline 0.006 -24"><span class='ocrx_word' id='word_1_162' title='bbox 40 1979 71 2020; x_wconf 87' lang='lat' dir='ltr'>nt</span> <span class='ocrx_word' id='word_1_163' title='bbox 88 1971 162 2020; x_wconf 81' lang='lat' dir='ltr'>Veu.</span> <span class='ocrx_word' id='word_1_164' title='bbox 182 1979 210 2021; x_wconf 88' lang='lat' dir='ltr'>et</span> <span class='ocrx_word' id='word_1_165' title='bbox 230 1919 349 2033; x_wconf 71' lang='lat' dir='ltr'>Medioi,</span> <span class='ocrx_word' id='word_1_166' title='bbox 376 1969 453 2020; x_wconf 86' lang='lat' dir='ltr'>etiam</span> <span class='ocrx_word' id='word_1_167' title='bbox 474 1971 514 2021; x_wconf 80' lang='lat' dir='ltr'>ira</span> <span class='ocrx_word' id='word_1_168' title='bbox 560 1973 685 2038; x_wconf 80' lang='lat' dir='ltr'>.Vatic.‚</span> <span class='ocrx_word' id='word_1_169' title='bbox 702 1972 790 2042; x_wconf 83' lang='lat' dir='ltr'>sicque</span> <span class='ocrx_word' id='word_1_170' title='bbox 813 1971 896 2024; x_wconf 79' lang='lat' dir='ltr'>edidit</span> <span class='ocrx_word' id='word_1_171' title='bbox 912 1973 1072 2042; x_wconf 77' lang='lat' dir='ltr'>Naugerius,</span> <span class='ocrx_word' id='word_1_172' title='bbox 1091 1973 1177 2044; x_wconf 86' lang='lat' dir='ltr'>etqui</span> 
     </span>
     <span class='ocr_line' id='line_1_20' title="bbox 39 2039 1176 2158; baseline 0.004 -68"><span class='ocrx_word' id='word_1_173' title='bbox 39 2058 104 2090; x_wconf 85' lang='lat' dir='ltr'>eum</span> <span class='ocrx_word' id='word_1_174' title='bbox 126 2057 202 2158; x_wconf 56' lang='lat' dir='ltr'>squ.</span> <span class='ocrx_word' id='word_1_175' title='bbox 239 2039 327 2092; x_wconf 86' lang='lat' dir='ltr'>Ceteri</span> <span class='ocrx_word' id='word_1_176' title='bbox 348 2051 438 2102; x_wconf 84' lang='lat' dir='ltr'>aetas,</span> <span class='ocrx_word' id='word_1_177' title='bbox 457 2057 507 2109; x_wconf 90' lang='lat' dir='ltr'>quo</span> <span class='ocrx_word' id='word_1_178' title='bbox 546 2059 579 2094; x_wconf 90' lang='lat' dir='ltr'>an</span> <span class='ocrx_word' id='word_1_179' title='bbox 599 2060 649 2111; x_wconf 86' lang='lat' dir='ltr'>pro</span> <span class='ocrx_word' id='word_1_180' title='bbox 670 2059 737 2094; x_wconf 90' lang='lat' dir='ltr'>anno</span> <span class='ocrx_word' id='word_1_181' title='bbox 753 2041 873 2094; x_wconf 88' lang='lat' dir='ltr'>absolute</span> <span class='ocrx_word' id='word_1_182' title='bbox 892 2042 988 2094; x_wconf 76' lang='lat' dir='ltr'>dixerit</span> <span class='ocrx_word' id='word_1_183' title='bbox 1007 2043 1074 2095; x_wconf 85' lang='lat' dir='ltr'>ullus</span> <span class='ocrx_word' id='word_1_184' title='bbox 1088 2055 1176 2114; x_wconf 82' lang='lat' dir='ltr'>poete,</span> 
     </span>
     <span class='ocr_line' id='line_1_21' title="bbox 39 2109 1176 2194; baseline 0.006 -36"><span class='ocrx_word' id='word_1_185' title='bbox 39 2109 111 2158; x_wconf 88' lang='lat' dir='ltr'>mihi</span> <span class='ocrx_word' id='word_1_186' title='bbox 127 2125 173 2178; x_wconf 85' lang='lat' dir='ltr'>qur</span> <span class='ocrx_word' id='word_1_187' title='bbox 195 2127 234 2160; x_wconf 86' lang='lat' dir='ltr'>em</span> <span class='ocrx_word' id='word_1_188' title='bbox 248 2109 363 2160; x_wconf 87' lang='lat' dir='ltr'>nondum</span> <span class='ocrx_word' id='word_1_189' title='bbox 378 2109 476 2178; x_wconf 78' lang='lat' dir='ltr'>liquet3</span> <span class='ocrx_word' id='word_1_190' title='bbox 501 2111 647 2194; x_wconf 72' lang='lat' dir='ltr'>ubicunque</span> <span class='ocrx_word' id='word_1_191' title='bbox 661 2112 729 2164; x_wconf 84' lang='lat' dir='ltr'>enim</span> <span class='ocrx_word' id='word_1_192' title='bbox 748 2111 862 2182; x_wconf 78' lang='lat' dir='ltr'>legitur,</span> <span class='ocrx_word' id='word_1_193' title='bbox 886 2112 1040 2165; x_wconf 80' lang='lat' dir='ltr'>varietatem</span> <span class='ocrx_word' id='word_1_194' title='bbox 1053 2113 1176 2166; x_wconf 84' lang='lat' dir='ltr'>lectionis</span> 
     </span>
     <span class='ocr_line' id='line_1_22' title="bbox 40 2177 1249 2251; baseline 0.007 -24"><span class='ocrx_word' id='word_1_195' title='bbox 40 2177 175 2229; x_wconf 80' lang='lat' dir='ltr'>invenias.</span> <span class='ocrx_word' id='word_1_196' title='bbox 202 2179 351 2230; x_wconf 72' lang='lat' dir='ltr'>contrier.</span> <span class='ocrx_word' id='word_1_197' title='bbox 373 2189 400 2230; x_wconf 86' lang='lat' dir='ltr'>et</span> <span class='ocrx_word' id='word_1_198' title='bbox 419 2179 504 2231; x_wconf 82' lang='lat' dir='ltr'>Burm.</span> <span class='ocrx_word' id='word_1_199' title='bbox 520 2183 589 2232; x_wconf 81' lang='lat' dir='ltr'>coni.</span> <span class='ocrx_word' id='word_1_200' title='bbox 607 2183 654 2233; x_wconf 83' lang='lat' dir='ltr'>ruf.</span> <span class='ocrx_word' id='word_1_201' title='bbox 674 2185 771 2250; x_wconf 79' lang='lat' dir='ltr'>Georg.</span> <span class='ocrx_word' id='word_1_202' title='bbox 791 2183 836 2246; x_wconf 85' lang='lat' dir='ltr'>tv,</span> <span class='ocrx_word' id='word_1_203' title='bbox 853 2183 914 2236; x_wconf 69' lang='lat'>207.</span> <span class='ocrx_word' id='word_1_204' title='bbox 949 2183 1074 2251; x_wconf 80' lang='lat' dir='ltr'>Agnoscit</span> <span class='ocrx_word' id='word_1_205' title='bbox 1088 2193 1176 2236; x_wconf 84' lang='lat' dir='ltr'>tamen</span> <span class='ocrx_word' id='word_1_206' title='bbox 1246 2215 1249 2222; x_wconf 44' lang='grc' dir='ltr'>ι</span> 
     </span>
     <span class='ocr_line' id='line_1_23' title="bbox 39 2245 1175 2322; baseline 0.004 -24"><span class='ocrx_word' id='word_1_207' title='bbox 39 2249 98 2300; x_wconf 87' lang='lat' dir='ltr'>hoc</span> <span class='ocrx_word' id='word_1_208' title='bbox 113 2245 220 2300; x_wconf 85' lang='lat' dir='ltr'>Servius</span> <span class='ocrx_word' id='word_1_209' title='bbox 239 2258 266 2299; x_wconf 91' lang='lat' dir='ltr'>et</span> <span class='ocrx_word' id='word_1_210' title='bbox 279 2248 381 2299; x_wconf 85' lang='lat' dir='ltr'>Nouius</span> <span class='ocrx_word' id='word_1_211' title='bbox 395 2249 533 2301; x_wconf 76' lang='lat' dir='ltr'>Marcellus</span> <span class='ocrx_word' id='word_1_212' title='bbox 551 2251 579 2300; x_wconf 89' lang='lat' dir='ltr'>in</span> <span class='ocrx_word' id='word_1_213' title='bbox 601 2253 727 2322; x_wconf 78' lang='lat' dir='ltr'>Exigere.</span> <span class='ocrx_word' id='word_1_214' title='bbox 762 2253 846 2303; x_wconf 90' lang='lat' dir='ltr'>Porro</span> <span class='ocrx_word' id='word_1_215' title='bbox 865 2251 935 2302; x_wconf 87' lang='lat' dir='ltr'>idem</span> <span class='ocrx_word' id='word_1_216' title='bbox 951 2253 1081 2304; x_wconf 79' lang='lat' dir='ltr'>Romanus</span> <span class='ocrx_word' id='word_1_217' title='bbox 1096 2271 1175 2303; x_wconf 84' lang='lat' dir='ltr'>occe-</span> 
     </span>
    </p>

    <p class='ocr_par' dir='ltr' id='par_1_5' title="bbox 62 2317 1174 2388">
     <span class='ocr_line' id='line_1_24' title="bbox 62 2317 1174 2388; baseline 0.005 -22"><span class='ocrx_word' id='word_1_218' title='bbox 62 2320 136 2378; x_wconf 79' lang='lat' dir='ltr'>err&#39;e3</span> <span class='ocrx_word' id='word_1_219' title='bbox 157 2317 195 2368; x_wconf 87' lang='lat' dir='ltr'>aie</span> <span class='ocrx_word' id='word_1_220' title='bbox 213 2327 241 2368; x_wconf 91' lang='lat' dir='ltr'>et</span> <span class='ocrx_word' id='word_1_221' title='bbox 258 2317 356 2385; x_wconf 80' lang='lat' dir='ltr'>Regius</span> <span class='ocrx_word' id='word_1_222' title='bbox 376 2337 417 2387; x_wconf 85' lang='lat' dir='ltr'>ap.</span> <span class='ocrx_word' id='word_1_223' title='bbox 439 2319 585 2384; x_wconf 64' lang='lat' dir='ltr'>Burmann„</span> <span class='ocrx_word' id='word_1_224' title='bbox 603 2320 788 2388; x_wconf 72' lang='lat' dir='ltr'>exquisitiore,</span> <span class='ocrx_word' id='word_1_225' title='bbox 806 2331 885 2388; x_wconf 87' lang='lat' dir='ltr'>puto,</span> <span class='ocrx_word' id='word_1_226' title='bbox 902 2319 1013 2372; x_wconf 84' lang='lat' dir='ltr'>ratione.</span> <span class='ocrx_word' id='word_1_227' title='bbox 1038 2322 1106 2372; x_wconf 83' lang='lat' dir='ltr'>conf.</span> <span class='ocrx_word' id='word_1_228' title='bbox 1120 2321 1174 2372; x_wconf 85' lang='lat' dir='ltr'>Eoi.</span> 
     </span>
    </p>

    <p class='ocr_par' dir='ltr' id='par_1_6' title="bbox 41 2387 1175 3780">
     <span class='ocr_line' id='line_1_25' title="bbox 68 2387 1174 2468; baseline 0.004 -32"><span class='ocrx_word' id='word_1_229' title='bbox 68 2387 117 2450; x_wconf 88' lang='lat' dir='ltr'>iii,</span> <span class='ocrx_word' id='word_1_230' title='bbox 135 2387 187 2448; x_wconf 81' lang='lat'>39;</span> <span class='ocrx_word' id='word_1_231' title='bbox 205 2397 233 2437; x_wconf 84' lang='lat' dir='ltr'>nt</span> <span class='ocrx_word' id='word_1_232' title='bbox 244 2387 336 2468; x_wconf 63' lang='lat' dir='ltr'>fragm.</span> <span class='ocrx_word' id='word_1_233' title='bbox 352 2387 438 2440; x_wconf 81' lang='lat' dir='ltr'>Vatic.</span> <span class='ocrx_word' id='word_1_234' title='bbox 456 2407 471 2440; x_wconf 93' lang='lat' dir='ltr'>a</span> <span class='ocrx_word' id='word_1_235' title='bbox 488 2407 522 2440; x_wconf 90' lang='grc' dir='ltr'>ιιι.</span> <span class='ocrx_word' id='word_1_236' title='bbox 541 2407 580 2458; x_wconf 88' lang='lat' dir='ltr'>pr.</span> <span class='ocrx_word' id='word_1_237' title='bbox 599 2391 740 2460; x_wconf 80' lang='lat' dir='ltr'>occeperit.</span> <span class='ocrx_word' id='word_1_238' title='bbox 763 2391 811 2457; x_wconf 78' lang='lat' dir='ltr'>(Ut</span> <span class='ocrx_word' id='word_1_239' title='bbox 825 2389 953 2458; x_wconf 86' lang='lat' dir='ltr'>possimus</span> <span class='ocrx_word' id='word_1_240' title='bbox 970 2389 1003 2440; x_wconf 87' lang='lat' dir='ltr'>de</span> <span class='ocrx_word' id='word_1_241' title='bbox 1015 2389 1065 2440; x_wconf 88' lang='lat' dir='ltr'>hac</span> <span class='ocrx_word' id='word_1_242' title='bbox 1077 2389 1174 2440; x_wconf 88' lang='lat' dir='ltr'>lectio-</span> 
     </span>
     <span class='ocr_line' id='line_1_26' title="bbox 41 2455 1175 2532; baseline 0.001 -26"><span class='ocrx_word' id='word_1_243' title='bbox 41 2457 85 2506; x_wconf 85' lang='lat' dir='ltr'>nia</span> <span class='ocrx_word' id='word_1_244' title='bbox 113 2455 267 2508; x_wconf 72' lang='lat' dir='ltr'>diversitate</span> <span class='ocrx_word' id='word_1_245' title='bbox 288 2457 418 2519; x_wconf 71' lang='lat' dir='ltr'>indicere,</span> <span class='ocrx_word' id='word_1_246' title='bbox 451 2475 504 2508; x_wconf 84' lang='lat' dir='ltr'>rem</span> <span class='ocrx_word' id='word_1_247' title='bbox 522 2457 604 2527; x_wconf 85' lang='lat' dir='ltr'>ipsam</span> <span class='ocrx_word' id='word_1_248' title='bbox 624 2459 733 2527; x_wconf 85' lang='lat' dir='ltr'>propius</span> <span class='ocrx_word' id='word_1_249' title='bbox 752 2457 926 2528; x_wconf 80' lang='lat' dir='ltr'>inspiciemus.</span> <span class='ocrx_word' id='word_1_250' title='bbox 967 2457 1080 2510; x_wconf 87' lang='lat' dir='ltr'>Primum</span> <span class='ocrx_word' id='word_1_251' title='bbox 1093 2457 1175 2532; x_wconf 71' lang='lat' dir='ltr'>igitur</span> 
     </span>
     <span class='ocr_line' id='line_1_27' title="bbox 41 2524 1173 2648; baseline 0.001 -72"><span class='ocrx_word' id='word_1_252' title='bbox 41 2544 57 2576; x_wconf 87' lang='lat' dir='ltr'>e</span> <span class='ocrx_word' id='word_1_253' title='bbox 71 2524 220 2576; x_wconf 76' lang='lat' dir='ltr'>Columella</span> <span class='ocrx_word' id='word_1_254' title='bbox 235 2526 357 2589; x_wconf 75' lang='lat' dir='ltr'>discitur,</span> <span class='ocrx_word' id='word_1_255' title='bbox 378 2525 422 2594; x_wconf 88' lang='lat' dir='ltr'>qni</span> <span class='ocrx_word' id='word_1_256' title='bbox 440 2527 473 2578; x_wconf 88' lang='lat' dir='ltr'>ad</span> <span class='ocrx_word' id='word_1_257' title='bbox 488 2527 630 2578; x_wconf 83' lang='lat' dir='ltr'>certamine</span> <span class='ocrx_word' id='word_1_258' title='bbox 648 2527 753 2578; x_wconf 79' lang='lat' dir='ltr'>alantur</span> <span class='ocrx_word' id='word_1_259' title='bbox 767 2527 841 2648; x_wconf 54' lang='lat' dir='ltr'>egui,</span> <span class='ocrx_word' id='word_1_260' title='bbox 864 2525 966 2577; x_wconf 86' lang='lat' dir='ltr'>domari</span> <span class='ocrx_word' id='word_1_261' title='bbox 986 2536 1077 2576; x_wconf 87' lang='lat' dir='ltr'>exacto</span> <span class='ocrx_word' id='word_1_262' title='bbox 1092 2525 1173 2577; x_wconf 88' lang='lat' dir='ltr'>tertio</span> 
     </span>
     <span class='ocr_line' id='line_1_28' title="bbox 41 2593 1173 2666; baseline 0 -20"><span class='ocrx_word' id='word_1_263' title='bbox 41 2593 134 2655; x_wconf 78' lang='lat' dir='ltr'>auuo;&#39;</span> <span class='ocrx_word' id='word_1_264' title='bbox 152 2595 191 2646; x_wconf 80' lang='lat' dir='ltr'>sic</span> <span class='ocrx_word' id='word_1_265' title='bbox 205 2595 273 2646; x_wconf 88' lang='lat' dir='ltr'>enim</span> <span class='ocrx_word' id='word_1_266' title='bbox 285 2595 331 2646; x_wconf 92' lang='lat' dir='ltr'>ille</span> <span class='ocrx_word' id='word_1_267' title='bbox 345 2597 391 2658; x_wconf 82' lang='lat' dir='ltr'>Vi,</span> <span class='ocrx_word' id='word_1_268' title='bbox 408 2597 452 2656; x_wconf 82' lang='lat'>29,</span> <span class='ocrx_word' id='word_1_269' title='bbox 465 2596 504 2649; x_wconf 78' lang='lat'>4.:</span> <span class='ocrx_word' id='word_1_270' title='bbox 536 2598 645 2666; x_wconf 78' lang='lat' dir='ltr'>„Equus</span> <span class='ocrx_word' id='word_1_271' title='bbox 664 2595 778 2648; x_wconf 87' lang='lat' dir='ltr'>bimusu</span> <span class='ocrx_word' id='word_1_272' title='bbox 817 2613 891 2645; x_wconf 82' lang='lat' dir='ltr'>neum</span> <span class='ocrx_word' id='word_1_273' title='bbox 910 2595 1079 2646; x_wconf 85' lang='lat' dir='ltr'>domesticum</span> <span class='ocrx_word' id='word_1_274' title='bbox 1098 2603 1173 2646; x_wconf 87' lang='lat' dir='ltr'>recte</span> 
     </span>
     <span class='ocr_line' id='line_1_29' title="bbox 42 2664 1173 2735; baseline 0 -20"><span class='ocrx_word' id='word_1_275' title='bbox 42 2666 183 2728; x_wconf 82' lang='lat' dir='ltr'>domatur,</span> <span class='ocrx_word' id='word_1_276' title='bbox 201 2664 385 2716; x_wconf 73' lang='lat' dir='ltr'>certaminibus</span> <span class='ocrx_word' id='word_1_277' title='bbox 397 2675 484 2716; x_wconf 87' lang='lat' dir='ltr'>autem</span> <span class='ocrx_word' id='word_1_278' title='bbox 498 2666 603 2735; x_wconf 81' lang='lat' dir='ltr'>expleto</span> <span class='ocrx_word' id='word_1_279' title='bbox 618 2664 750 2721; x_wconf 78' lang='lat' dir='ltr'>triennio:</span> <span class='ocrx_word' id='word_1_280' title='bbox 769 2664 807 2716; x_wconf 87' lang='lat' dir='ltr'>aie</span> <span class='ocrx_word' id='word_1_281' title='bbox 819 2673 915 2726; x_wconf 83' lang='lat' dir='ltr'>temen,</span> <span class='ocrx_word' id='word_1_282' title='bbox 936 2671 965 2714; x_wconf 89' lang='lat' dir='ltr'>ut</span> <span class='ocrx_word' id='word_1_283' title='bbox 980 2672 1043 2732; x_wconf 89' lang='lat' dir='ltr'>post</span> <span class='ocrx_word' id='word_1_284' title='bbox 1054 2673 1173 2732; x_wconf 87' lang='lat' dir='ltr'>quartum</span> 
     </span>
     <span class='ocr_line' id='line_1_30' title="bbox 42 2732 1171 2802; baseline -0.002 -16"><span class='ocrx_word' id='word_1_285' title='bbox 42 2735 152 2786; x_wconf 85' lang='lat' dir='ltr'>demum</span> <span class='ocrx_word' id='word_1_286' title='bbox 164 2733 250 2786; x_wconf 85' lang='lat' dir='ltr'>labori</span> <span class='ocrx_word' id='word_1_287' title='bbox 264 2734 467 2788; x_wconf 82' lang='lat' dir='ltr'>committatur.“</span> <span class='ocrx_word' id='word_1_288' title='bbox 503 2733 640 2787; x_wconf 86' lang='lat' dir='ltr'>Consentit</span> <span class='ocrx_word' id='word_1_289' title='bbox 652 2737 738 2790; x_wconf 82' lang='lat' dir='ltr'>Varro</span> <span class='ocrx_word' id='word_1_290' title='bbox 755 2737 788 2799; x_wconf 82' lang='lat'>11,</span> <span class='ocrx_word' id='word_1_291' title='bbox 805 2735 830 2798; x_wconf 84' lang='lat'>7,</span> <span class='ocrx_word' id='word_1_292' title='bbox 850 2735 891 2788; x_wconf 75' lang='lat'>12</span> <span class='ocrx_word' id='word_1_293' title='bbox 905 2751 959 2802; x_wconf 88' lang='lat' dir='ltr'>aq.:</span> <span class='ocrx_word' id='word_1_294' title='bbox 978 2749 1084 2800; x_wconf 86' lang='lat' dir='ltr'>„neque</span> <span class='ocrx_word' id='word_1_295' title='bbox 1100 2732 1171 2802; x_wconf 87' lang='lat' dir='ltr'>priua</span> 
     </span>
     <span class='ocr_line' id='line_1_31' title="bbox 42 2801 1172 2873; baseline 0 -19"><span class='ocrx_word' id='word_1_296' title='bbox 42 2803 155 2854; x_wconf 87' lang='lat' dir='ltr'>biennio</span> <span class='ocrx_word' id='word_1_297' title='bbox 172 2805 293 2856; x_wconf 80' lang='lat' dir='ltr'>consecto</span> <span class='ocrx_word' id='word_1_298' title='bbox 310 2823 325 2854; x_wconf 89' lang='lat' dir='ltr'>a</span> <span class='ocrx_word' id='word_1_299' title='bbox 337 2803 406 2855; x_wconf 87' lang='lat' dir='ltr'>iacta</span> <span class='ocrx_word' id='word_1_300' title='bbox 420 2805 606 2857; x_wconf 83' lang='lat' dir='ltr'>removendum</span> <span class='ocrx_word' id='word_1_301' title='bbox 615 2835 648 2844; x_wconf 87' lang='lat'>-</span> <span class='ocrx_word' id='word_1_302' title='bbox 663 2803 783 2873; x_wconf 88' lang='lat' dir='ltr'>equulum</span> <span class='ocrx_word' id='word_1_303' title='bbox 796 2831 829 2842; x_wconf 92' lang='lat'><em>-</em></span> <span class='ocrx_word' id='word_1_304' title='bbox 842 2831 875 2842; x_wconf 92' lang='lat'>—</span> <span class='ocrx_word' id='word_1_305' title='bbox 889 2831 924 2841; x_wconf 95' lang='lat'>-</span> <span class='ocrx_word' id='word_1_306' title='bbox 938 2831 972 2842; x_wconf 88' lang='lat'><em>-</em></span> <span class='ocrx_word' id='word_1_307' title='bbox 991 2802 1054 2854; x_wconf 87' lang='lat' dir='ltr'>Cum</span> <span class='ocrx_word' id='word_1_308' title='bbox 1067 2801 1118 2854; x_wconf 86' lang='lat' dir='ltr'>iam</span> <span class='ocrx_word' id='word_1_309' title='bbox 1138 2803 1172 2854; x_wconf 87' lang='lat' dir='ltr'>ad</span> 
     </span>
     <span class='ocr_line' id='line_1_32' title="bbox 41 2871 1171 2946; baseline -0.003 -22"><span class='ocrx_word' id='word_1_310' title='bbox 41 2889 137 2924; x_wconf 82' lang='lat' dir='ltr'>manna</span> <span class='ocrx_word' id='word_1_311' title='bbox 154 2873 278 2924; x_wconf 79' lang='lat' dir='ltr'>accedere</span> <span class='ocrx_word' id='word_1_312' title='bbox 291 2873 449 2938; x_wconf 71' lang='lat' dir='ltr'>consuerint,</span> <span class='ocrx_word' id='word_1_313' title='bbox 466 2874 597 2926; x_wconf 88' lang='lat' dir='ltr'>interdum</span> <span class='ocrx_word' id='word_1_314' title='bbox 610 2875 642 2926; x_wconf 87' lang='lat' dir='ltr'>iis</span> <span class='ocrx_word' id='word_1_315' title='bbox 657 2873 793 2946; x_wconf 85' lang='lat' dir='ltr'>imponere</span> <span class='ocrx_word' id='word_1_316' title='bbox 806 2887 923 2942; x_wconf 83' lang='lat' dir='ltr'>puerum,</span> <span class='ocrx_word' id='word_1_317' title='bbox 942 2871 982 2923; x_wconf 83' lang='lat' dir='ltr'>bis</span> <span class='ocrx_word' id='word_1_318' title='bbox 994 2881 1039 2923; x_wconf 89' lang='lat' dir='ltr'>aut</span> <span class='ocrx_word' id='word_1_319' title='bbox 1050 2879 1093 2922; x_wconf 85' lang='lat' dir='ltr'>ter</span> <span class='ocrx_word' id='word_1_320' title='bbox 1104 2888 1171 2941; x_wconf 87' lang='lat' dir='ltr'>pro-</span> 
     </span>
     <span class='ocr_line' id='line_1_33' title="bbox 42 2941 1171 3012; baseline -0.002 -18"><span class='ocrx_word' id='word_1_321' title='bbox 42 2961 106 2994; x_wconf 84' lang='lat' dir='ltr'>num</span> <span class='ocrx_word' id='word_1_322' title='bbox 118 2942 147 2992; x_wconf 89' lang='lat' dir='ltr'>iu</span> <span class='ocrx_word' id='word_1_323' title='bbox 156 2952 289 3006; x_wconf 84' lang='lat' dir='ltr'>ventrem,</span> <span class='ocrx_word' id='word_1_324' title='bbox 306 2953 402 3012; x_wconf 84' lang='lat' dir='ltr'>postea</span> <span class='ocrx_word' id='word_1_325' title='bbox 415 2943 466 2994; x_wconf 87' lang='lat' dir='ltr'>iam</span> <span class='ocrx_word' id='word_1_326' title='bbox 480 2945 624 2996; x_wconf 87' lang='lat' dir='ltr'>sedentem.</span> <span class='ocrx_word' id='word_1_327' title='bbox 659 2945 732 2996; x_wconf 85' lang='lat' dir='ltr'>Haec</span> <span class='ocrx_word' id='word_1_328' title='bbox 744 2943 846 3006; x_wconf 77' lang='lat' dir='ltr'>iecere,</span> <span class='ocrx_word' id='word_1_329' title='bbox 874 2959 931 2994; x_wconf 89' lang='lat' dir='ltr'>cum</span> <span class='ocrx_word' id='word_1_330' title='bbox 946 2941 981 2992; x_wconf 87' lang='lat' dir='ltr'>ait</span> <span class='ocrx_word' id='word_1_331' title='bbox 992 2941 1099 3004; x_wconf 82' lang='lat' dir='ltr'>trimus,</span> <span class='ocrx_word' id='word_1_332' title='bbox 1116 2951 1171 2992; x_wconf 86' lang='lat' dir='ltr'>tum</span> 
     </span>
     <span class='ocr_line' id='line_1_34' title="bbox 42 3011 1171 3082; baseline -0.002 -18"><span class='ocrx_word' id='word_1_333' title='bbox 42 3013 116 3064; x_wconf 88' lang='lat' dir='ltr'>euim</span> <span class='ocrx_word' id='word_1_334' title='bbox 136 3011 245 3062; x_wconf 84' lang='lat' dir='ltr'>maxime</span> <span class='ocrx_word' id='word_1_335' title='bbox 264 3029 398 3078; x_wconf 83' lang='lat' dir='ltr'>erescere,</span> <span class='ocrx_word' id='word_1_336' title='bbox 415 3031 446 3064; x_wconf 92' lang='lat' dir='ltr'>ac</span> <span class='ocrx_word' id='word_1_337' title='bbox 463 3013 622 3066; x_wconf 84' lang='lat' dir='ltr'>lacertosum</span> <span class='ocrx_word' id='word_1_338' title='bbox 641 3013 706 3064; x_wconf 85' lang='lat' dir='ltr'>fieri.</span> <span class='ocrx_word' id='word_1_339' title='bbox 741 3017 805 3066; x_wconf 74' lang='lat' dir='ltr'>suut</span> <span class='ocrx_word' id='word_1_340' title='bbox 819 3011 863 3082; x_wconf 88' lang='lat' dir='ltr'>qui</span> <span class='ocrx_word' id='word_1_341' title='bbox 882 3011 985 3076; x_wconf 76' lang='lat' dir='ltr'>dicant,</span> <span class='ocrx_word' id='word_1_342' title='bbox 1002 3021 1171 3081; x_wconf 79' lang='lat' dir='ltr'>poeteunuru</span> 
     </span>
     <span class='ocr_line' id='line_1_35' title="bbox 42 3081 1170 3164; baseline -0.002 -30"><span class='ocrx_word' id='word_1_343' title='bbox 42 3091 72 3134; x_wconf 84' lang='lat' dir='ltr'>et</span> <span class='ocrx_word' id='word_1_344' title='bbox 84 3099 132 3132; x_wconf 76' lang='lat' dir='ltr'>aen</span> <span class='ocrx_word' id='word_1_345' title='bbox 145 3097 246 3133; x_wconf 81' lang='lat' dir='ltr'>menses</span> <span class='ocrx_word' id='word_1_346' title='bbox 266 3082 387 3164; x_wconf 66' lang='lat' dir='ltr'>equulum</span> <span class='ocrx_word' id='word_1_347' title='bbox 401 3082 503 3134; x_wconf 89' lang='lat' dir='ltr'>domari</span> <span class='ocrx_word' id='word_1_348' title='bbox 519 3099 614 3152; x_wconf 84' lang='lat' dir='ltr'>posse,</span> <span class='ocrx_word' id='word_1_349' title='bbox 634 3083 681 3134; x_wconf 86' lang='lat' dir='ltr'>aed</span> <span class='ocrx_word' id='word_1_350' title='bbox 694 3081 786 3136; x_wconf 86' lang='lat' dir='ltr'>melina</span> <span class='ocrx_word' id='word_1_351' title='bbox 799 3093 860 3151; x_wconf 88' lang='lat' dir='ltr'>post</span> <span class='ocrx_word' id='word_1_352' title='bbox 872 3081 992 3147; x_wconf 81' lang='lat' dir='ltr'>trimum,</span> <span class='ocrx_word' id='word_1_353' title='bbox 1007 3089 1025 3134; x_wconf 72' lang='lat' dir='ltr'>a</span> <span class='ocrx_word' id='word_1_354' title='bbox 1060 3099 1093 3132; x_wconf 92' lang='lat' dir='ltr'>uo</span> <span class='ocrx_word' id='word_1_355' title='bbox 1102 3091 1170 3133; x_wconf 88' lang='lat' dir='ltr'>tem-</span> 
     </span>
     <span class='ocr_line' id='line_1_36' title="bbox 42 3151 1168 3222; baseline -0.002 -20"><span class='ocrx_word' id='word_1_356' title='bbox 42 3169 112 3222; x_wconf 83' lang='lat' dir='ltr'>pore</span> <span class='ocrx_word' id='word_1_357' title='bbox 126 3151 232 3220; x_wconf 79' lang='lat' dir='ltr'>farrago</span> <span class='ocrx_word' id='word_1_358' title='bbox 245 3151 302 3202; x_wconf 83' lang='lat' dir='ltr'>dart</span> <span class='ocrx_word' id='word_1_359' title='bbox 315 3152 411 3203; x_wconf 88' lang='lat' dir='ltr'>eulet.“</span> <span class='ocrx_word' id='word_1_360' title='bbox 445 3151 493 3204; x_wconf 81' lang='lat' dir='ltr'>Hie</span> <span class='ocrx_word' id='word_1_361' title='bbox 505 3153 680 3222; x_wconf 88' lang='lat' dir='ltr'>respondent,</span> <span class='ocrx_word' id='word_1_362' title='bbox 698 3169 764 3222; x_wconf 83' lang='lat' dir='ltr'>qnae</span> <span class='ocrx_word' id='word_1_363' title='bbox 777 3151 845 3202; x_wconf 68' lang='lat' dir='ltr'>inira</span> <span class='ocrx_word' id='word_1_364' title='bbox 857 3151 976 3220; x_wconf 83' lang='lat' dir='ltr'>leguntur</span> <span class='ocrx_word' id='word_1_365' title='bbox 991 3169 1028 3201; x_wconf 83' lang='lat' dir='ltr'>va.</span> <span class='ocrx_word' id='word_1_366' title='bbox 1077 3151 1101 3204; x_wconf 86' lang='lat'>5.</span> <span class='ocrx_word' id='word_1_367' title='bbox 1116 3167 1168 3218; x_wconf 89' lang='lat' dir='ltr'>aq.:</span> 
     </span>
     <span class='ocr_line' id='line_1_37' title="bbox 41 3219 1169 3290; baseline -0.004 -17"><span class='ocrx_word' id='word_1_368' title='bbox 41 3262 59 3286; x_wconf 88' lang='lat'>„</span> <span class='ocrx_word' id='word_1_369' title='bbox 70 3223 154 3273; x_wconf 89' lang='lat' dir='ltr'>Turn</span> <span class='ocrx_word' id='word_1_370' title='bbox 171 3219 241 3271; x_wconf 88' lang='lat' dir='ltr'>dem</span> <span class='ocrx_word' id='word_1_371' title='bbox 250 3239 297 3271; x_wconf 91' lang='lat' dir='ltr'>um</span> <span class='ocrx_word' id='word_1_372' title='bbox 317 3239 405 3273; x_wconf 84' lang='lat' dir='ltr'>crassa</span> <span class='ocrx_word' id='word_1_373' title='bbox 417 3239 537 3290; x_wconf 78' lang='lat' dir='ltr'>magnum</span> <span class='ocrx_word' id='word_1_374' title='bbox 553 3221 736 3290; x_wconf 79' lang='lat' dir='ltr'>farragine</span> <span class='ocrx_word' id='word_1_375' title='bbox 753 3239 848 3288; x_wconf 85' lang='lat' dir='ltr'>corpus</span> <span class='ocrx_word' id='word_1_376' title='bbox 860 3221 984 3273; x_wconf 86' lang='lat' dir='ltr'>Crescere</span> <span class='ocrx_word' id='word_1_377' title='bbox 999 3219 1050 3272; x_wconf 87' lang='lat' dir='ltr'>iem</span> <span class='ocrx_word' id='word_1_378' title='bbox 1063 3219 1169 3272; x_wconf 87' lang='lat' dir='ltr'>domitis</span> 
     </span>
     <span class='ocr_line' id='line_1_38' title="bbox 41 3289 1169 3352; baseline -0.004 -8"><span class='ocrx_word' id='word_1_379' title='bbox 41 3290 164 3351; x_wconf 86' lang='lat' dir='ltr'>aiuito;“</span> <span class='ocrx_word' id='word_1_380' title='bbox 186 3299 236 3342; x_wconf 80' lang='lat' dir='ltr'>etc.</span> <span class='ocrx_word' id='word_1_381' title='bbox 272 3291 326 3342; x_wconf 83' lang='lat' dir='ltr'>iarn</span> <span class='ocrx_word' id='word_1_382' title='bbox 347 3309 411 3342; x_wconf 82' lang='lat' dir='ltr'>vero</span> <span class='ocrx_word' id='word_1_383' title='bbox 432 3292 540 3343; x_wconf 85' lang='lat' dir='ltr'>verbum</span> <span class='ocrx_word' id='word_1_384' title='bbox 559 3293 687 3344; x_wconf 83' lang='lat' dir='ltr'>accedere</span> <span class='ocrx_word' id='word_1_385' title='bbox 707 3291 735 3342; x_wconf 89' lang='lat' dir='ltr'>iu</span> <span class='ocrx_word' id='word_1_386' title='bbox 753 3291 912 3343; x_wconf 76' lang='lat' dir='ltr'>numerando</span> <span class='ocrx_word' id='word_1_387' title='bbox 932 3307 990 3342; x_wconf 88' lang='lat' dir='ltr'>eam</span> <span class='ocrx_word' id='word_1_388' title='bbox 1007 3289 1090 3342; x_wconf 89' lang='lat' dir='ltr'>habet</span> <span class='ocrx_word' id='word_1_389' title='bbox 1109 3289 1169 3352; x_wconf 82' lang='lat' dir='ltr'>viru,</span> 
     </span>
     <span class='ocr_line' id='line_1_39' title="bbox 42 3357 1170 3442; baseline -0.003 -29"><span class='ocrx_word' id='word_1_390' title='bbox 42 3371 73 3413; x_wconf 88' lang='lat' dir='ltr'>ut</span> <span class='ocrx_word' id='word_1_391' title='bbox 98 3359 187 3410; x_wconf 79' lang='lat' dir='ltr'>valeat</span> <span class='ocrx_word' id='word_1_392' title='bbox 207 3362 322 3430; x_wconf 77' lang='lat' dir='ltr'>insuper</span> <span class='ocrx_word' id='word_1_393' title='bbox 340 3361 421 3424; x_wconf 76' lang='lat' dir='ltr'>addi,</span> <span class='ocrx_word' id='word_1_394' title='bbox 446 3362 530 3414; x_wconf 78' lang='lat' dir='ltr'>adiici</span> <span class='ocrx_word' id='word_1_395' title='bbox 535 3381 542 3425; x_wconf 70' lang='grc' dir='ltr'><strong>ς</strong></span> <span class='ocrx_word' id='word_1_396' title='bbox 568 3361 620 3413; x_wconf 83' lang='lat' dir='ltr'>rid.</span> <span class='ocrx_word' id='word_1_397' title='bbox 642 3363 723 3413; x_wconf 83' lang='lat' dir='ltr'>Lexx.</span> <span class='ocrx_word' id='word_1_398' title='bbox 759 3363 798 3412; x_wconf 85' lang='lat' dir='ltr'>ita</span> <span class='ocrx_word' id='word_1_399' title='bbox 818 3378 860 3424; x_wconf 83' lang='lat' dir='ltr'>ue,</span> <span class='ocrx_word' id='word_1_400' title='bbox 880 3361 1012 3442; x_wconf 50' lang='lat' dir='ltr'>celantem</span> <span class='ocrx_word' id='word_1_401' title='bbox 1028 3357 1170 3410; x_wconf 82' lang='lat' dir='ltr'>lectionem</span> 
     </span>
     <span class='ocr_line' id='line_1_40' title="bbox 41 3427 1169 3501; baseline -0.004 -19"><span class='ocrx_word' id='word_1_402' title='bbox 41 3432 66 3482; x_wconf 82' lang='lat' dir='ltr'>ai</span> <span class='ocrx_word' id='word_1_403' title='bbox 75 3427 222 3498; x_wconf 79' lang='lat' dir='ltr'>sequimur,</span> <span class='ocrx_word' id='word_1_404' title='bbox 240 3440 332 3482; x_wconf 81' lang='lat' dir='ltr'>exacto</span> <span class='ocrx_word' id='word_1_405' title='bbox 353 3440 447 3500; x_wconf 85' lang='lat' dir='ltr'>quarto</span> <span class='ocrx_word' id='word_1_406' title='bbox 467 3448 535 3484; x_wconf 86' lang='lat' dir='ltr'>auno</span> <span class='ocrx_word' id='word_1_407' title='bbox 557 3449 651 3501; x_wconf 86' lang='lat' dir='ltr'>equum</span> <span class='ocrx_word' id='word_1_408' title='bbox 663 3431 766 3484; x_wconf 85' lang='lat' dir='ltr'>domari</span> <span class='ocrx_word' id='word_1_409' title='bbox 783 3431 809 3482; x_wconf 91' lang='lat' dir='ltr'>iu</span> <span class='ocrx_word' id='word_1_410' title='bbox 830 3431 884 3482; x_wconf 90' lang='lat' dir='ltr'>ebit</span> <span class='ocrx_word' id='word_1_411' title='bbox 900 3427 1035 3498; x_wconf 73' lang='lat' dir='ltr'>Vergilius.</span> <span class='ocrx_word' id='word_1_412' title='bbox 1071 3429 1169 3480; x_wconf 87' lang='lat' dir='ltr'>Verum</span> 
     </span>
     <span class='ocr_line' id='line_1_41' title="bbox 42 3495 1168 3570; baseline -0.005 -18"><span class='ocrx_word' id='word_1_413' title='bbox 42 3503 72 3552; x_wconf 88' lang='lat' dir='ltr'>id</span> <span class='ocrx_word' id='word_1_414' title='bbox 94 3495 154 3552; x_wconf 81' lang='lat' dir='ltr'>fieri</span> <span class='ocrx_word' id='word_1_415' title='bbox 178 3499 294 3554; x_wconf 81' lang='lat' dir='ltr'>debebat</span> <span class='ocrx_word' id='word_1_416' title='bbox 313 3499 421 3551; x_wconf 90' lang='lat' dir='ltr'>ineunte</span> <span class='ocrx_word' id='word_1_417' title='bbox 441 3511 535 3570; x_wconf 89' lang='lat' dir='ltr'>quarto</span> <span class='ocrx_word' id='word_1_418' title='bbox 552 3517 636 3565; x_wconf 86' lang='lat' dir='ltr'>auno,</span> <span class='ocrx_word' id='word_1_419' title='bbox 663 3519 726 3569; x_wconf 79' lang='lat' dir='ltr'>ergo</span> <span class='ocrx_word' id='word_1_420' title='bbox 750 3497 807 3551; x_wconf 90' lang='lat' dir='ltr'>ubi</span> <span class='ocrx_word' id='word_1_421' title='bbox 832 3509 955 3569; x_wconf 86' lang='lat' dir='ltr'>quarta</span> <span class='ocrx_word' id='word_1_422' title='bbox 985 3513 1065 3548; x_wconf 85' lang='lat' dir='ltr'>acce</span> <span class='ocrx_word' id='word_1_423' title='bbox 1098 3495 1168 3547; x_wconf 89' lang='lat' dir='ltr'>erit</span> 
     </span>
     <span class='ocr_line' id='line_1_42' title="bbox 42 3565 1168 3638; baseline -0.007 -15"><span class='ocrx_word' id='word_1_424' title='bbox 42 3581 178 3629; x_wconf 80' lang='lat' dir='ltr'>aestes3</span> <span class='ocrx_word' id='word_1_425' title='bbox 202 3569 236 3620; x_wconf 87' lang='lat' dir='ltr'>ci&#39;.</span> <span class='ocrx_word' id='word_1_426' title='bbox 256 3569 464 3635; x_wconf 80' lang='lat' dir='ltr'>Eet.v111,39.</span> <span class='ocrx_word' id='word_1_427' title='bbox 499 3573 652 3624; x_wconf 76' lang='lat' dir='ltr'>Accerserit</span> <span class='ocrx_word' id='word_1_428' title='bbox 670 3579 758 3622; x_wconf 88' lang='lat' dir='ltr'>autem</span> <span class='ocrx_word' id='word_1_429' title='bbox 778 3568 822 3638; x_wconf 88' lang='lat' dir='ltr'>qui</span> <span class='ocrx_word' id='word_1_430' title='bbox 843 3585 893 3638; x_wconf 86' lang='lat' dir='ltr'>pro</span> <span class='ocrx_word' id='word_1_431' title='bbox 914 3568 1058 3620; x_wconf 79' lang='lat' dir='ltr'>advenerit</span> <span class='ocrx_word' id='word_1_432' title='bbox 1090 3565 1168 3616; x_wconf 88' lang='lat' dir='ltr'>&#39;ctum</span> 
     </span>
     <span class='ocr_line' id='line_1_43' title="bbox 42 3635 1167 3710; baseline -0.004 -20"><span class='ocrx_word' id='word_1_433' title='bbox 42 3639 186 3710; x_wconf 79' lang='lat' dir='ltr'>putabunt,</span> <span class='ocrx_word' id='word_1_434' title='bbox 204 3655 313 3703; x_wconf 81' lang='lat' dir='ltr'>vereor,</span> <span class='ocrx_word' id='word_1_435' title='bbox 329 3655 363 3690; x_wconf 87' lang='lat' dir='ltr'>ne</span> <span class='ocrx_word' id='word_1_436' title='bbox 378 3639 573 3708; x_wconf 75' lang='lat' dir='ltr'>ambiguitatem</span> <span class='ocrx_word' id='word_1_437' title='bbox 584 3639 627 3690; x_wconf 82' lang='lat' dir='ltr'>rix</span> <span class='ocrx_word' id='word_1_438' title='bbox 639 3639 774 3691; x_wconf 81' lang='lat' dir='ltr'>ferendam</span> <span class='ocrx_word' id='word_1_439' title='bbox 797 3638 941 3690; x_wconf 83' lang='lat' dir='ltr'>obtrudant</span> <span class='ocrx_word' id='word_1_440' title='bbox 952 3635 1075 3704; x_wconf 72' lang='lat' dir='ltr'>Virgilio.</span> <span class='ocrx_word' id='word_1_441' title='bbox 1109 3639 1167 3687; x_wconf 80' lang='lat' dir='ltr'>Aa·</span> 
     </span>
     <span class='ocr_line' id='line_1_44' title="bbox 44 3705 959 3780; baseline -0.003 -18"><span class='ocrx_word' id='word_1_442' title='bbox 44 3725 91 3762; x_wconf 79' lang='lat' dir='ltr'>toa</span> <span class='ocrx_word' id='word_1_443' title='bbox 104 3719 207 3774; x_wconf 81' lang='lat' dir='ltr'>tamen,</span> <span class='ocrx_word' id='word_1_444' title='bbox 225 3709 297 3778; x_wconf 83' lang='lat' dir='ltr'>qaod</span> <span class='ocrx_word' id='word_1_445' title='bbox 309 3719 349 3761; x_wconf 84' lang='lat' dir='ltr'>est</span> <span class='ocrx_word' id='word_1_446' title='bbox 361 3709 390 3761; x_wconf 87' lang='lat' dir='ltr'>iu</span> <span class='ocrx_word' id='word_1_447' title='bbox 402 3709 554 3780; x_wconf 82' lang='lat' dir='ltr'>plerisque,</span> <span class='ocrx_word' id='word_1_448' title='bbox 571 3709 691 3779; x_wconf 82' lang='lat' dir='ltr'>recipere</span> <span class='ocrx_word' id='word_1_449' title='bbox 704 3725 759 3762; x_wconf 89' lang='lat' dir='ltr'>nou</span> <span class='ocrx_word' id='word_1_450' title='bbox 771 3707 863 3761; x_wconf 79' lang='grc' dir='ltr'>ιιιιιὶιιι.</span> <span class='ocrx_word' id='word_1_451' title='bbox 887 3705 959 3774; x_wconf 70' lang='lat' dir='ltr'>We.)</span> 
     </span>
    </p>
   </div>
   <div class='ocr_carea' id='block_1_5' title="bbox 42 3859 1195 4458">
    <p class='ocr_par' dir='ltr' id='par_1_7' title="bbox 42 3859 1195 4458">
     <span class='ocr_line' id='line_1_45' title="bbox 44 3859 1166 3948; baseline -0.007 -22"><span class='ocrx_word' id='word_1_452' title='bbox 44 3889 102 3948; x_wconf 82' lang='lat' dir='ltr'>qua</span> <span class='ocrx_word' id='word_1_453' title='bbox 127 3867 240 3924; x_wconf 76' lang='lat' dir='ltr'>relaxet</span> <span class='ocrx_word' id='word_1_454' title='bbox 269 3865 393 3944; x_wconf 78' lang='lat' dir='ltr'>Corpus.</span> <span class='ocrx_word' id='word_1_455' title='bbox 447 3866 501 3926; x_wconf 86' lang='lat' dir='ltr'>Est</span> <span class='ocrx_word' id='word_1_456' title='bbox 527 3865 588 3926; x_wconf 89' lang='lat' dir='ltr'>hoe</span> <span class='ocrx_word' id='word_1_457' title='bbox 629 3865 715 3944; x_wconf 83' lang='lat' dir='ltr'>quasi</span> <span class='ocrx_word' id='word_1_458' title='bbox 734 3885 831 3926; x_wconf 89' lang='lat' dir='ltr'>unum</span> <span class='ocrx_word' id='word_1_459' title='bbox 851 3863 931 3943; x_wconf 84' lang='lat' dir='ltr'>lege,</span> <span class='ocrx_word' id='word_1_460' title='bbox 965 3869 1002 3920; x_wconf 86' lang='lat' dir='ltr'>ut</span> <span class='ocrx_word' id='word_1_461' title='bbox 1022 3860 1072 3920; x_wconf 90' lang='lat' dir='ltr'>ait:</span> <span class='ocrx_word' id='word_1_462' title='bbox 1107 3859 1166 3918; x_wconf 85' lang='lat' dir='ltr'>iam</span> 
     </span>
     <span class='ocr_line' id='line_1_46' title="bbox 42 3945 1166 4032; baseline -0.009 -18"><span class='ocrx_word' id='word_1_463' title='bbox 42 3953 186 4031; x_wconf 77' lang='lat' dir='ltr'>palpare,</span> <span class='ocrx_word' id='word_1_464' title='bbox 207 3945 388 4024; x_wconf 75' lang='grc' dir='ltr'>ποππύζειν.</span> <span class='ocrx_word' id='word_1_465' title='bbox 628 3951 726 4032; x_wconf 83' lang='lat' dir='ltr'>primo</span> <span class='ocrx_word' id='word_1_466' title='bbox 739 3951 850 4011; x_wconf 87' lang='lat' dir='ltr'>audeat</span> <span class='ocrx_word' id='word_1_467' title='bbox 872 3946 1013 4028; x_wconf 87' lang='lat' dir='ltr'>depulsus</span> <span class='ocrx_word' id='word_1_468' title='bbox 1024 3946 1062 4004; x_wconf 85' lang='lat' dir='ltr'>ub</span> <span class='ocrx_word' id='word_1_469' title='bbox 1075 3945 1166 4005; x_wconf 86' lang='lat' dir='ltr'>ubere</span> 
     </span>
     <span class='ocr_line' id='line_1_47' title="bbox 90 4031 1195 4115; baseline -0.005 -20"><span class='ocrx_word' id='word_1_470' title='bbox 90 4039 159 4102; x_wconf 82' lang='lat'><strong>187.</strong></span> <span class='ocrx_word' id='word_1_471' title='bbox 181 4041 247 4095; x_wconf 80' lang='lat' dir='ltr'>iam</span> <span class='ocrx_word' id='word_1_472' title='bbox 262 4039 363 4115; x_wconf 85' lang='lat' dir='ltr'>pn&#39;m0</span> <span class='ocrx_word' id='word_1_473' title='bbox 383 4037 528 4114; x_wconf 78' lang='lat' dir='ltr'>depulsae</span> <span class='ocrx_word' id='word_1_474' title='bbox 547 4034 586 4094; x_wconf 86' lang='lat' dir='ltr'>ab</span> <span class='ocrx_word' id='word_1_475' title='bbox 628 4037 768 4096; x_wconf 84' lang='lat' dir='ltr'>matris.“</span> <span class='ocrx_word' id='word_1_476' title='bbox 811 4031 1089 4096; x_wconf 63' lang='lat' dir='ltr'>trinitatem</span> <span class='ocrx_word' id='word_1_477' title='bbox 1104 4032 1195 4112; x_wconf 56' lang='lat' dir='ltr'>Lu-x</span> 
     </span>
     <span class='ocr_line' id='line_1_48' title="bbox 46 4115 1162 4202; baseline -0.005 -21"><span class='ocrx_word' id='word_1_478' title='bbox 46 4123 152 4198; x_wconf 82' lang='lat' dir='ltr'>ubm,</span> <span class='ocrx_word' id='word_1_479' title='bbox 191 4141 274 4202; x_wconf 89' lang='lat' dir='ltr'>pro,</span> <span class='ocrx_word' id='word_1_480' title='bbox 310 4141 402 4201; x_wconf 85' lang='lat' dir='ltr'>qnam</span> <span class='ocrx_word' id='word_1_481' title='bbox 435 4121 585 4202; x_wconf 82' lang='lat' dir='ltr'>primum,</span> <span class='ocrx_word' id='word_1_482' title='bbox 628 4133 701 4182; x_wconf 79' lang='lat' dir='ltr'>oret</span> <span class='ocrx_word' id='word_1_483' title='bbox 725 4123 756 4197; x_wconf 90' lang='lat'>1,</span> <span class='ocrx_word' id='word_1_484' title='bbox 781 4125 854 4186; x_wconf 83' lang='lat'><strong>261.</strong></span> <span class='ocrx_word' id='word_1_485' title='bbox 886 4115 981 4200; x_wconf 87' lang='lat' dir='ltr'>Wr.)</span> <span class='ocrx_word' id='word_1_486' title='bbox 1030 4117 1162 4191; x_wconf 79' lang='lat' dir='ltr'>Audeat,</span> 
     </span>
     <span class='ocr_line' id='line_1_49' title="bbox 47 4203 1166 4289; baseline -0.006 -21"><span class='ocrx_word' id='word_1_487' title='bbox 47 4209 143 4269; x_wconf 84' lang='lat' dir='ltr'>statim</span> <span class='ocrx_word' id='word_1_488' title='bbox 162 4225 206 4266; x_wconf 86' lang='lat' dir='ltr'>ac.</span> <span class='ocrx_word' id='word_1_489' title='bbox 230 4203 311 4288; x_wconf 77' lang='lat' dir='ltr'>(vid.</span> <span class='ocrx_word' id='word_1_490' title='bbox 334 4227 411 4286; x_wconf 83' lang='lat' dir='ltr'>quae</span> <span class='ocrx_word' id='word_1_491' title='bbox 429 4207 533 4268; x_wconf 79' lang='lat' dir='ltr'>notavi</span> <span class='ocrx_word' id='word_1_492' title='bbox 545 4207 585 4266; x_wconf 87' lang='lat' dir='ltr'>ad</span> <span class='ocrx_word' id='word_1_493' title='bbox 626 4227 683 4289; x_wconf 80' lang='lat' dir='ltr'>pro</span> <span class='ocrx_word' id='word_1_494' title='bbox 699 4208 803 4282; x_wconf 82' lang='lat' dir='ltr'>saciet,</span> <span class='ocrx_word' id='word_1_495' title='bbox 831 4205 998 4286; x_wconf 75' lang='lat' dir='ltr'>praeclare5</span> <span class='ocrx_word' id='word_1_496' title='bbox 1019 4212 1166 4283; x_wconf 86' lang='lat' dir='ltr'>quatenus</span> 
     </span>
     <span class='ocr_line' id='line_1_50' title="bbox 47 4287 1166 4372; baseline -0.006 -19"><span class='ocrx_word' id='word_1_497' title='bbox 47 4299 164 4360; x_wconf 78' lang='lat' dir='ltr'>ra130.</span> <span class='ocrx_word' id='word_1_498' title='bbox 185 4291 264 4352; x_wconf 84' lang='lat' dir='ltr'>Male</span> <span class='ocrx_word' id='word_1_499' title='bbox 276 4292 584 4370; x_wconf 85' lang='lat' dir='ltr'>Serv.1)reed.:„non</span> <span class='ocrx_word' id='word_1_500' title='bbox 627 4313 678 4370; x_wconf 87' lang='lat' dir='ltr'>ea,</span> <span class='ocrx_word' id='word_1_501' title='bbox 698 4311 773 4372; x_wconf 88' lang='lat' dir='ltr'>quae</span> <span class='ocrx_word' id='word_1_502' title='bbox 785 4293 939 4368; x_wconf 84' lang='lat' dir='ltr'>narravit,</span> <span class='ocrx_word' id='word_1_503' title='bbox 961 4289 1085 4350; x_wconf 80' lang='lat' dir='ltr'>arrimosi</span> <span class='ocrx_word' id='word_1_504' title='bbox 1098 4287 1166 4366; x_wconf 87' lang='lat' dir='ltr'>equi</span> 
     </span>
     <span class='ocr_line' id='line_1_51' title="bbox 48 4375 1165 4458; baseline -0.002 -22"><span class='ocrx_word' id='word_1_505' title='bbox 48 4385 138 4456; x_wconf 67' lang='lat' dir='ltr'>prono</span> <span class='ocrx_word' id='word_1_506' title='bbox 163 4379 280 4452; x_wconf 84' lang='lat' dir='ltr'>ubere,</span> <span class='ocrx_word' id='word_1_507' title='bbox 316 4378 371 4438; x_wconf 83' lang='lat' dir='ltr'>sed</span> <span class='ocrx_word' id='word_1_508' title='bbox 397 4381 463 4438; x_wconf 68' lang='lat' dir='ltr'>rom</span> <span class='ocrx_word' id='word_1_509' title='bbox 482 4382 584 4457; x_wconf 73' lang='lat' dir='ltr'>pruno</span> <span class='ocrx_word' id='word_1_510' title='bbox 627 4389 719 4456; x_wconf 87' lang='lat' dir='ltr'>aunt,</span> <span class='ocrx_word' id='word_1_511' title='bbox 749 4379 841 4458; x_wconf 88' lang='lat' dir='ltr'>inque</span> <span class='ocrx_word' id='word_1_512' title='bbox 860 4377 928 4455; x_wconf 89' lang='lat' dir='ltr'>his,</span> <span class='ocrx_word' id='word_1_513' title='bbox 960 4376 1044 4456; x_wconf 89' lang='lat' dir='ltr'>quod</span> <span class='ocrx_word' id='word_1_514' title='bbox 1064 4375 1165 4455; x_wconf 78' lang='lat' dir='ltr'>pullus</span> 
     </span>
    </p>
   </div>
   <div class='ocr_carea' id='block_1_6' title="bbox 0 0 1370 5016">
    <p class='ocr_par' dir='ltr' id='par_1_8' title="bbox 0 0 1370 5016">
     <span class='ocr_line' id='line_1_52' title="bbox 0 0 1370 5016; baseline 0 2"><span class='ocrx_word' id='word_1_515' title='bbox 0 0 1370 5016; x_wconf 95' lang='lat' dir='ltr'> </span> 
     </span>
    </p>
   </div>
  </div>
 </body>
</html>
