2758 4990
229 381 306 454 612
470 374 513 447 P.
539 369 805 448 VIRGILII
830 367 1107 450 MARONIS

229 557 496 661 pallentisque
513 557 670 653 ederas,
699 569 739 632 et
754 557 920 632 amantis
933 555 1215 652 litornmyrtos.

228 669 411 764 Namque
424 662 498 739 sub
513 661 704 739 Oebaliae
716 659 883 736 memini
897 685 963 736 me
978 659 1152 736 turribus
1166 658 1255 754 altis,
1268 664 1316 737 125

283 802 367 881 125.
394 821 557 880 rueme

266 971 317 1030 124
334 991 386 1044 que
400 975 476 1026 abeat
491 975 524 1028 eb
538 973 598 1026 edd.
612 981 666 1024 ant.
683 979 710 1022 et
724 970 815 1039 fragm.
831 970 918 1022 Velie.
954 969 1155 1039 Pallentesque
1167 969 1278 1021 Rottmd
1287 985 1322 1018 eet.

230 1049 265 1096 At
285 1053 348 1096 tert.
369 1045 508 1096 Pollunu'e
526 1063 574 1107 ue,
605 1051 635 1093 ut
655 1041 790 1092 Palenses
804 1041 924 1092 bederoe
940 1039 1007 1104 aiut,
1032 1039 1105 1090 velut
1126 1044 1261 1091 Errantes.
1288 1038 1323 1088 Sed

231 1123 290 1165 aaut
303 1114 483 1166 aberratiouee
499 1114 505 1126 '
528 1131 558 1163 ae
570 1121 726 1181 perpetuae3
752 1122 777 1162 et
790 1109 889 1160 hedera
904 1108 969 1160 albo
982 1127 997 1159 n
1009 1111 1094 1178 nigro
1110 1109 1273 1178 distinguitur.
1287 1109 1325 1156 et

231 1183 361 1234 Heiuaiue.
431 1185 481 1238 125
499 1180 627 1234 Oebaliae
641 1181 749 1231 memini
762 1197 803 1230 me
823 1177 947 1230 turribus
967 1179 1034 1230 oleis
1049 1179 1130 1246 vulgo
1142 1179 1234 1248 ubique
1246 1179 1327 1244 legitu.

233 1251 360 1304 Oebaliae
374 1281 407 1292 -
422 1254 496 1304 arcia
514 1251 584 1320 apud
603 1249 721 1302 Aruaiau.
737 1248 876 1313 Meeeiuur,
900 1247 971 1316 quod
994 1247 1069 1299 unice
1090 1267 1181 1299 verum
1203 1267 1254 1299 ecee
1265 1247 1328 1297 ualles

232 1322 341 1386 dubito,
369 1339 487 1391 nuncque
508 1337 566 1372 curn
587 1318 716 1370 Brnuckio
738 1317 836 1387 recepi.
871 1317 937 1380 Quia
958 1316 1027 1367 enim
1047 1315 1187 1370 Oebalium
1205 1317 1286 1370 dixerit
1304 1317 1331 1365 de

232 1391 297 1443 urbe
317 1393 448 1455 Tarento,
472 1399 517 1441 aut
534 1387 677 1441 Tarentina
696 1387 826 1454 regione?
850 1386 907 1455 quia
928 1399 1022 1437 turres
1043 1385 1190 1438 Oebaliae?
1213 1387 1331 1456 quissent

233 1473 325 1512 turrea
338 1463 446 1515 Atticae
458 1477 507 1529 pro
521 1457 651 1510 Athenis?
677 1461 712 1509 At
726 1473 816 1508 arcem
827 1473 877 1526 pro
891 1456 956 1506 urbe
969 1455 1058 1508 dicere
1075 1467 1188 1526 poterat,
1205 1473 1331 1526 quumque

234 1539 261 1580 et
274 1549 327 1582 arx
347 1531 462 1582 Tarenti
475 1547 508 1580 ex
519 1527 595 1580 Livio
610 1526 674 1579 entia
687 1536 759 1577 uota.
793 1522 917 1576 tumbae
928 1527 1003 1576 cutia
1014 1525 1112 1578 Medic.
1126 1545 1142 1577 a
1157 1545 1190 1578 m.
1203 1545 1241 1595 pr.
1263 1525 1332 1576 Oeba-

234 1599 272 1651 lio
285 1599 365 1650 Goth.
383 1617 424 1666 pr.
460 1598 527 1650 Mira
542 1617 574 1649 er
589 1597 641 1648 hoc
656 1596 759 1647 nomiae
773 1605 831 1646 orta
852 1603 893 1645 eat
908 1595 1058 1662 corruptela
1077 1595 1148 1666 apud
1166 1597 1293 1666 corippum
1307 1595 1332 1643 de

233 1667 303 1720 laud.
320 1667 408 1720 luatiu.
431 1669 481 1730 111,
507 1665 542 1722 94
569 1669 640 1718 vitea
655 1695 688 1704 —
704 1669 779 1730 Quae
802 1661 926 1714 manibus
942 1667 1066 1734 propriis
1086 1667 1200 1718 lebaeus
1219 1667 1334 1737 plantent

240 1739 353 1807 Ulyeaea
365 1743 437 1788 Arce
451 1735 501 1788 rab
516 1735 628 1788 Oebalio
642 1736 756 1786 Laertia
770 1733 864 1784 limina
879 1749 1010 1796 cervom,
1034 1735 1165 1786 Nondum
1186 1737 1289 1787 Troiad
1300 1753 1333 1782 n-

235 1819 299 1858 tane
312 1807 470 1859 discrimina
491 1803 562 1858 belli.
597 1804 657 1855 Nisi
676 1801 814 1854 Oebalium
833 1819 922 1852 arcem
939 1801 1010 1852 lorte
1034 1821 1066 1854 ex
1083 1805 1213 1856 Laconica
1231 1821 1281 1855 cara
1293 1805 1333 1853 le-

234 1875 343 1946 uelope‚
361 1875 437 1927 loarii
452 1873 520 1940 filia,
547 1875 573 1925 in
585 1861 701 1924 ithacam
714 1873 873 1936 transferar,
896 1869 982 1920 nullue
998 1872 1023 1922 ei
1036 1872 1111 1924 locus
1127 1891 1184 1924 esee
1198 1883 1286 1940 potet.
1312 1873 1334 1919 ln

234 1945 293 1996 eod.
314 1945 405 2008 unico,
429 1943 498 1996 unde
513 1961 616 1996 carmen
635 1943 784 2013 proiectum
801 1950 856 2002 eat,
874 1949 943 1990 erat:
968 1943 1072 1992 Pare-ea
1095 1941 1142 1994 ubi
1157 1944 1247 1994 ltalia
1277 1944 1335 1992 rec

234 2013 335 2064 Barthii
350 2013 498 2064 emendatio
512 2023 634 2080 recepta:
666 2015 739 2062 Pace
759 2008 809 2061 rub
819 2010 916 2061 Iliaca.
951 2009 1056 2062 Interea
1074 2013 1210 2062 latendum
1224 2021 1273 2074 est,
1288 2027 1335 2060 rer-

233 2083 361 2150 ruptelam
377 2083 405 2132 iu
421 2084 529 2132 Marone
547 2099 605 2132 eene
627 2080 713 2132 rideri
731 2079 808 2130 valde
829 2077 978 2147 antiquum,
1002 2081 1216 2149 quandoquidem
1234 2082 1258 2132 iu
1274 2080 1336 2130 (ilae-

233 2150 312 2202 dinuo
328 2169 359 2202 ex
374 2150 520 2202 imitatione
533 2151 630 2202 dictum
645 2149 773 2202 occurrit:
795 2150 885 2211 Liria,
903 2159 929 2198 et
944 2146 1073 2200 Oebaliae
1085 2154 1134 2219 qui
1146 2163 1272 2223 temperat
1282 2167 1337 2199 arua

235 2220 382 2272 Galaesus:
405 2219 434 2270 in
458 2220 536 2271 Prob.
557 2221 618 2274 260.
651 2219 800 2287 (Librorum
818 2235 879 2268 maa.
901 2216 1042 2268 lectionem
1067 2219 1214 2270 defendunt
1231 2223 1337 2274 Voss-rt

234 2289 279 2358 qui
294 2291 327 2340 ab
341 2289 432 2340 lehnio
456 2288 591 2352 laudetur,
615 2288 766 2342 Weichert.
785 2288 953 2339 Commentat.
975 2287 1010 2338 de
1029 2287 1103 2340 Titio
1124 2289 1252 2360 Septimio
1266 2301 1338 2360 poete

236 2358 311 2413 1824.
324 2359 366 2410 ed.
400 2361 491 2429 ltaque
508 2359 575 2410 altis
587 2357 717 2410 revocavi.
740 2359 812 2428 We.)

235 2500 346 2560 seriore
360 2500 429 2559 anni
445 2510 594 2580 tempore,
616 2498 778 2558 Novembri
820 2497 912 2556 oeulis
933 2496 1067 2564 relleetit
1098 2517 1130 2556 ee
1151 2507 1182 2558 et
1206 2499 1297 2578 vergit
1311 2495 1339 2552 al

236 2606 271 2644 eo
285 2585 448 2660 Decembri,
469 2586 567 2659 ssoret,
589 2594 624 2643 ut
632 2585 669 2643 de
684 2584 778 2644 Thra·
818 2581 961 2658 humurn3
974 2593 1097 2664 propter
1109 2583 1169 2644 hoc
1180 2585 1274 2666 ipsum
1284 2602 1339 2662 poe

236 2671 281 2730 cia
297 2691 332 2730 ac
346 2672 470 2731 Graecia
489 2670 684 2730 tradiderunt
700 2671 779 2729 Bur·
819 2669 878 2727 tica
900 2670 1018 2730 ratione
1038 2675 1139 2728 oa'naen
1164 2673 1340 2731 eitrrhnitur..

236 2757 362 2835 bequius
401 2766 430 2815 et
473 2757 690 2816 Turnesortiua.
739 2757 779 2814 Et
821 2753 904 2832 quod
924 2755 1045 2835 proprie
1072 2755 1273 2832 nonhabet,
1302 2753 1339 2812 sel

236 2841 435 2922 Theophraet.
458 2841 495 2900 de
518 2842 595 2900 Hist.
617 2841 714 2899 Plant
729 2841 778 2916 Vl,
822 2839 945 2898 caulem.
982 2853 1071 2898 tortae
1110 2845 1257 2901 aeamboe
1280 2841 1341 2900 dixit

237 2931 267 3002 6,
281 2928 347 2987 loco
362 2929 399 2987 ab
412 2927 533 2987 Heinsio
547 2927 685 2986 laudato:
700 2921 777 3006 νᾶρ-
820 2924 985 2984 Columella
1014 2927 1061 3000 X,
1088 2927 1164 2992 241.
1216 2930 1341 2988 Pallam

236 3032 340 3086 κισσος
369 3009 392 3094 ἢ
426 3015 540 3093 λείριον
557 3045 596 3058 -
620 3008 716 3090 ὅψιον
744 3008 778 3074 dl
818 3011 964 3069 hederae:
998 3011 1084 3090 pouit
1112 3033 1206 3090 genua
1232 3025 1341 3081 certum

238 3095 380 3178 σφόδρα·
404 3095 476 3178 perd
492 3093 549 3180 peip
573 3091 779 3179 ἆρκτοῦρονὴ
819 3116 889 3155 nam
904 3105 975 3155 sunt
992 3106 1022 3155 et
1034 3097 1146 3176 nigrae.

238 3180 389 3262 delinere,
425 3181 478 3245 eol
506 3181 577 3264 περὶ
606 3183 777 3262 ἰσημερίαν.
866 3182 936 3246 125.
972 3183 1016 3240 De
1048 3185 1177 3243 Tarento
1213 3185 1337 3263 loquitar.

237 3267 273 3326 ln
288 3280 454 3326 comantem
474 3269 537 3327 vim
558 3269 689 3346 agnoscit
702 3267 779 3326 blei-
820 3287 877 3324 arar
895 3266 1023 3326 Oebalia
1046 3267 1141 3345 dicta,
1171 3267 1203 3330 h.
1216 3271 1336 3330 [aede

237 3363 335 3412 erotto
352 3354 384 3412 in
400 3353 501 3414 llubiie
516 3373 545 3434 p.
562 3357 611 3428 10,
631 3361 668 3414 ut
683 3352 779 3433 respi-
820 3351 937 3427 monia,
960 3353 998 3412 ab
1010 3353 1131 3428 oebalo,
1154 3365 1261 3416 vetere
1273 3357 1335 3414 [ae

238 3441 336 3498 riatur
347 3440 433 3520 copie
446 3440 556 3498 florum
568 3447 598 3496 et
609 3459 777 3518 scaporum,
821 3435 974 3498 daemonia
993 3459 1077 3519 rege,
1100 3440 1257 3519 Tyndarei
1270 3453 1335 3522 pant

237 3545 313 3602 quoe
355 3525 502 3584 narcissus
542 3523 653 3583 habere
693 3525 777 3584 solet.
819 3521 974 3584 Parthenii
1001 3527 1165 3605 Spartani,
1196 3523 1338 3588 ehu-uh

238 3608 449 3670 Mitscherlich.
465 3619 567 3670 noster
580 3607 724 3668 Adnotat.
738 3609 778 3668 ad
820 3607 912 3683 duce,
934 3610 989 3668 diu
1016 3623 1044 3669 et
1066 3633 1127 3688 per
1148 3617 1253 3672 variae
1277 3633 1339 3671 mm

209 3761 215 3768 ,
238 3694 276 3754 ll.
286 3696 316 3755 in
332 3696 397 3756 Cer.
406 3699 506 3776 pue
518 3695 558 3756 ad
569 3715 599 3755 v.
610 3699 649 3760 12
665 3695 779 3775 Hymni
822 3696 931 3752 ιἀοῑαιί
941 3739 950 3770 ,
974 3697 1097 3754 randena
1115 3699 1148 3754 in
1170 3697 1342 3758 Itala'anru'e-

237 3778 297 3840 hoc
311 3781 465 3861 epitheton
483 3781 626 3840 advocat:
654 3785 711 3843 τοῦ
726 3779 779 3842 καὶ
812 3779 966 3858 fimatur,
982 3793 1021 3856 et,
1046 3796 1197 3860 occupata
1213 3807 1281 3844 aare
1299 3783 1339 3840 Te

239 3859 301 3930 eino*
317 3869 401 3947 ῥίζης
415 3863 522 3930 ἕκατόν
543 3861 621 3946 κάρα
635 3859 780 3944 ἱξεπεφύ-
822 3867 1019 3940 teminorum,
1052 3873 1241 3947 expugnata}
1260 3869 1342 3928 ceten-

238 3973 294 4014 κει.
316 3953 475 4012 Acanthus
496 3951 527 4011 h.
547 3953 566 4011 l.
588 3951 697 4012 herbae
721 3972 780 4010 no·
822 3948 878 4008 bue
891 3952 1006 4026 burabe,
1021 3952 1105 4011 aeder
1120 3953 1165 4012 ibi
1176 3960 1336 4014 maheru

189 4089 193 4101 .
237 4055 323 4112 men,
351 4048 454 4098 noster
483 4037 631 4096 acanthus
650 4040 778 4112 sativae,
822 4034 927 4096 luatin.
942 4037 992 4114 lll,
1006 4035 1035 4100 4.
1081 4039 1125 4096 De
1139 4037 1188 4098 his
1203 4049 1233 4100 et
1246 4041 1342 4101 runt

239 4141 291 4180 eeu
312 4125 413 4182 mollis
434 4125 468 4184 V
464 4125 578 4202 egila,
602 4121 682 4202 apud
697 4121 780 4181 Bau·
821 4120 982 4201 originibus
998 4131 1099 4184 nctmn
1121 4125 1154 4184 iu
1169 4127 1341 4186 Comum

237 4203 300 4265 hin.
324 4211 375 4267 W
372 4209 471 4266 dleebe
499 4207 684 4266 Bdrenbbru.
716 4207 778 4268 vid
821 4205 859 4264 de
872 4204 983 4286 legibue
996 4209 1340 4292 TmntinOpuaerce-

238 4291 278 4348 ad
299 4291 360 4350 Ecl.
383 4293 437 4368 111,
460 4291 512 4366 45,
531 4293 584 4352 ubi
602 4293 720 4366 mollia,
743 4301 779 4352 ut
823 4291 902 4352 deur.
932 4295 1017 4353 Tom.
1046 4295 1089 4370 ll,
1120 4315 1189 4374 pag.
1221 4303 1338 4369 mene

238 4375 446 4450 inlr-137,
481 4373 575 4458 u‘ypdr
599 4375 778 4453 Theocrito,
819 4375 1010 4454 Agerautem
1024 4379 1339 4442 Tarentinusiuterle·

238 4458 321 4538 quod
335 4458 385 4518 hic
396 4461 521 4537 flexae,
552 4462 623 4540 quia
645 4463 779 4524 adultior
819 4462 970 4524 tiliaaimoa
980 4463 1118 4542 habitu„
1131 4469 1338 4528 meccha*
