2784 4988
180 354 306 408 xxvtn
417 363 424 377 ·
471 333 548 406 EX
579 331 1012 408 PRAEFATIONE

179 519 409 612 incaluerat,
431 517 602 594 subinde
619 515 892 618 refrigeratum
919 531 1102 596 avocatur
1118 543 1234 594 mens
1253 519 1319 594 ab

180 624 313 724 operis
328 647 484 698 summa
507 635 547 698 et
569 621 617 696 ab
638 624 843 699 universae
860 624 1011 698 virtutis
1037 647 1080 697 ac
1099 635 1320 722 praestan-

178 727 255 801 tiae
283 726 525 822 cognitione,
569 751 671 826 quae
702 751 786 803 non
814 740 897 801 tam
921 727 962 800 in
986 725 1147 823 singulis
1176 725 1317 800 rebus

180 855 301 930 quam
319 829 360 903 in
380 829 553 928 partium
581 829 685 908 inter
699 855 741 905 se
768 829 1042 904 convenientia
1060 842 1100 902 et
1121 828 1171 903 ad
1186 853 1318 902 com-

177 956 303 1006 mune
319 931 528 1006 consilium
546 933 838 1034 conspiratione
853 934 1043 1024 cemitur3
1078 957 1124 1006 ex
1139 931 1317 1028 singulis

177 1049 334 1110 tantum
364 1048 405 1111 et
433 1035 594 1110 minutis
615 1036 741 1112 modo
776 1037 979 1111 sententiis
1010 1034 1137 1110 modo
1167 1034 1316 1108 verbis

178 1139 384 1215 aestimare
414 1152 597 1238 poetam,
643 1152 682 1213 et
710 1163 827 1239 saepe
857 1137 897 1213 id
928 1137 1029 1214 adeo
1062 1137 1112 1212 ad
1139 1137 1314 1212 alterius

177 1255 332 1316 tantum
348 1255 492 1317 nutum
509 1254 549 1316 et
565 1267 704 1317 nasum
721 1239 862 1334 facere,
882 1240 1088 1333 discimus;
1112 1265 1192 1342 quo
1209 1243 1314 1340 ipso

172 1344 389 1445 voluptatis
410 1371 456 1420 ex
477 1346 659 1420 carminis
681 1343 893 1420 dulcedine
916 1343 1130 1444 capiendae
1154 1365 1312 1441 magna

176 1473 266 1549 pars
291 1449 555 1548 intercipitur,
590 1473 707 1550 quae,
742 1449 919 1548 iamper
948 1449 1074 1546 ipsam
1106 1473 1151 1522 ex
1172 1461 1312 1522 retar-

178 1550 339 1626 datione
368 1549 615 1648 molestiam,
649 1575 733 1625 non
763 1550 984 1627 admodum
1006 1551 1189 1627 imminui
1212 1575 1309 1624 non

176 1666 343 1754 poterat.
402 1655 503 1728 Huic
529 1667 663 1730 tamen
687 1653 795 1728 malo
823 1652 982 1728 medela
1005 1667 1138 1753 parata
1164 1667 1223 1727 est
1251 1678 1311 1727 ex

175 1756 343 1856 repetita
359 1755 542 1831 lectione.
593 1755 809 1832 Enimvero
831 1781 906 1830 nec
922 1757 1100 1832 minores
1124 1753 1309 1830 difficul-

175 1874 275 1935 tates
299 1860 431 1960 ipsum
457 1865 648 1960 premunt
675 1861 946 1958 interpretem.
998 1863 1180 1960 Namque
1210 1861 1309 1934 eius

177 1976 217 2039 et
247 1963 452 2059 ingenium
483 1988 620 2037 rerum
649 1963 894 2038 minutarum
922 1959 1075 2037 infinita
1106 1963 1218 2062 copia
1254 1987 1307 2037 ac

116 2111 118 2117 ι
175 2065 388 2142 subtilitate
423 2063 610 2162 obtundi,
653 2065 900 2167 obscuraque
930 2090 1052 2166 opera
1082 2065 1304 2162 obscurari,

164 2183 234 2265 et,
263 2167 360 2244 dum
382 2171 422 2242 in
447 2169 615 2244 aliorum
638 2193 758 2243 sensu
782 2167 962 2244 acuendo
987 2167 1170 2262 desudat,
1198 2193 1304 2268 pro-

174 2274 307 2373 prium
327 2296 490 2347 sensum
512 2272 628 2347 obrui
651 2285 691 2347 et
712 2271 892 2347 hebetari
918 2295 1080 2348 necesse
1105 2285 1172 2349 est.
1225 2275 1303 2368 Ita,

176 2375 274 2451 dum
292 2375 473 2476 undique
509 2389 549 2450 et
580 2373 630 2449 ad
654 2373 805 2466 singula
828 2376 968 2470 verba,
996 2375 1139 2474 quibus
1163 2373 1303 2475 aliqua

175 2477 401 2575 difficultas,
430 2478 479 2552 ad
502 2478 670 2554 aliorum
695 2477 859 2580 quidem
876 2473 1193 2575 intelligentiam,
1222 2477 1301 2552 ad-

173 2581 405 2657 haerescere
422 2579 527 2657 sorte
545 2583 687 2681 possit,
716 2578 944 2656 circumfert
961 2595 1000 2655 et
1016 2581 1186 2655 intendit
1209 2582 1301 2655 ani-

172 2711 298 2779 mum,
317 2683 444 2760 multa
458 2685 662 2762 interdum
680 2709 892 2760 occurrere
905 2681 1035 2758 solent
1049 2685 1181 2758 minus
1200 2708 1301 2760 cum

172 2813 216 2862 re
241 2791 468 2882 coniuncta;
504 2803 544 2864 et
569 2788 749 2865 excidere
769 2811 1062 2887 nonnunquam
1085 2786 1143 2880 id,
1179 2789 1301 2888 quod

173 2891 224 2967 ad
253 2891 369 2966 illum
398 2891 535 2967 locum
559 2892 831 2994 quaerebatur.
885 2893 988 2967 Cum
1023 2891 1140 2964 etiam
1169 2889 1301 2966 multa

161 2995 265 3088 sint,
294 3019 395 3093 quae
421 2996 556 3069 sentiri
578 2995 742 3094 quidem
766 2991 879 3068 facile
901 2993 1073 3094 possint,
1100 2991 1172 3067 sed
1189 3019 1299 3093 quae

173 3119 375 3194 exponere
400 3096 621 3171 admodum
643 3093 807 3172 difficile
831 3097 898 3188 sit,
928 3096 1025 3171 dum
1051 3097 1090 3170 in
1117 3097 1162 3170 iis
1180 3119 1299 3172 com-

170 3196 296 3273 mode
309 3193 547 3297 explicandis
569 3212 609 3272 et
625 3198 863 3273 illustrandis
877 3197 1028 3274 defixus
1051 3199 1206 3273 animus
1223 3215 1298 3294 est,

171 3300 260 3376 fieri
285 3299 418 3400 solet,
443 3315 489 3375 nt
521 3302 668 3376 sensim
698 3303 926 3402 sensimque
951 3301 1001 3376 ad
1028 3301 1120 3376 alias
1151 3323 1298 3377 rerum

170 3405 357 3479 notiones
382 3417 422 3478 et
446 3404 635 3500 imagines
665 3403 876 3498 delabaris,
914 3416 953 3478 et
973 3404 1137 3479 tandem
1166 3405 1299 3504 expli-

171 3509 369 3584 cationem
388 3521 427 3583 et
446 3508 814 3606 interpretationem
834 3507 1064 3604 subiungas,
1091 3533 1231 3608 quam,
1262 3511 1298 3584 si

170 3612 211 3686 in
245 3611 321 3686 alio
356 3609 687 3711 deprehenderis,
723 3609 932 3712 quomodo
965 3611 1001 3685 ei
1036 3612 1077 3684 in
1106 3623 1297 3687 mentem

169 3716 342 3810 venerit,
370 3715 524 3816 assequi
537 3715 598 3788 vix
611 3715 747 3812 possis.
785 3718 895 3807 Quae
914 3715 1047 3788 omnia
1062 3737 1145 3786 non
1160 3713 1296 3790 modo

169 3831 349 3894 nostram
364 3818 434 3894 sed
454 3841 714 3893 communem
732 3819 996 3918 interpretum
1013 3815 1296 3894 conditionem

171 3919 312 3996 duram
337 3921 426 3994 satis
451 3935 491 3997 et
517 3921 571 3995 ini
631 3945 695 3994 am
721 3945 805 3995 esse
833 3919 999 4014 docent,
1033 3919 1083 3992 ita
1105 3931 1151 3992 ut
1173 3921 1215 3992 in
1240 3945 1294 3996 eo

168 4045 317 4120 genere
342 4021 542 4122 perfectae
575 3945 724 4124 qqquid
755 4036 794 4098 et
820 4021 1022 4098 absolutae
1049 4045 1197 4120 operae
1227 4025 1294 4098 vix

171 4127 365 4226 expectari
380 4129 514 4227 possit.

270 4227 370 4306 Mihi
394 4231 553 4305 veroin
576 4230 739 4330 Virgilio
764 4229 967 4328 perpetuis
993 4229 1295 4302 commentariis

169 4330 414 4428 illustrando,
442 4357 536 4408 nam
550 4337 743 4411 variantes
760 4331 949 4408 lectiones
964 4349 1193 4424 congerere,
1221 4347 1294 4406 aut
