2784 4988
158 469 200 522 ιν
513 441 924 519 PRAEFATIO

159 635 357 720 studium
382 661 441 716 ne
477 629 585 744 quid
611 631 783 746 publici
808 629 1008 717 muneris
1032 631 1284 719 rationibus

159 751 376 855 officeret,
407 749 545 862 idque
570 751 719 866 potius
746 771 922 835 secutus
946 777 1069 855 snm,
1101 767 1152 836 ut
1173 780 1285 869 prua

159 871 273 956 dens
300 897 444 954 essem
469 865 719 952 officiorum
748 896 955 952 meorum
980 867 1284 976 ratiocinator,

157 1005 421 1099 tantumque
454 1015 635 1099 quoque
662 1001 750 1068 tem
767 1015 862 1070 iore
887 985 959 1069 vel
988 983 1286 1071 adolescenti-

159 1109 245 1191 bus
269 1103 466 1221 optimis,
497 1104 546 1187 in
570 1103 731 1186 illustri
754 1017 1027 1207 brucianeo,
1060 1105 1136 1188 cui
1159 1103 1284 1188 Deus

157 1225 324 1309 faveat!
347 1221 528 1338 ingenia
544 1219 862 1325 excolentibus,
880 1221 952 1304 vel
964 1219 1151 1336 Virgilio
1166 1249 1283 1326 meo,

157 1342 229 1426 vel
256 1341 392 1425 etiam
415 1339 661 1424 valetudini
685 1339 948 1444 tribuerem,
986 1355 1035 1420 ut
1061 1338 1284 1444 omnibus,

160 1475 381 1574 quantum
395 1457 445 1541 in
463 1485 536 1542 me
556 1473 692 1562 esset,
724 1455 1038 1540 satisfacerem.

277 1607 369 1693 Sed
382 1635 597 1720 quorsum
615 1602 760 1692 haec?
791 1607 983 1718 inquies,
1001 1605 1163 1692 Lector
1179 1633 1287 1690 can-

160 1724 278 1810 dide.
316 1725 512 1841 lgnosee,
531 1751 713 1838 quaeso,
733 1725 997 1838 loquacitati
1013 1752 1164 1809 meae:
1191 1752 1287 1808 non

157 1870 263 1930 mea
280 1843 449 1950 solum,
476 1843 557 1926 sed
571 1840 675 1926 Tua
697 1871 877 1954 quoque
896 1871 967 1926 res
987 1842 1142 1956 agitur.
1172 1840 1288 1926 Nam

158 1989 316 2046 meum
354 1988 494 2074 quum
524 1959 602 2066 sit,
640 1957 741 2044 Tuo
773 1958 937 2043 servire
974 1959 1209 2045 commodo
1242 1975 1287 2044 ct

159 2095 391 2192 tamquam
415 2080 559 2162 bonus
586 2095 629 2162 et
649 2077 849 2162 liberalis
870 2079 1128 2162 convivator
1146 2103 1287 2190 quam

158 2197 329 2314 possim
355 2195 552 2312 plurima
589 2213 632 2280 et
661 2193 1001 2280 lautissima-er
1027 2223 1129 2279 meo
1163 2223 1287 2312 penu

161 2315 447 2429 depromere,
478 2311 632 2397 Tuum
661 2312 765 2418 crit,
796 2310 923 2396 cuius
954 2313 1013 2396 ad
1042 2339 1178 2396 usum
1204 2341 1287 2422 gu-

160 2448 369 2542 stumque
395 2429 600 2547 apposita
620 2432 734 2518 haee
752 2447 875 2535 sunt,
906 2429 1075 2535 videre,
1102 2459 1160 2514 ne
1181 2427 1288 2513 Tua

159 2551 323 2652 fames,
364 2548 639 2665 apparatiori
675 2547 857 2632 inhians
897 2547 1123 2652 convivio,
1160 2543 1285 2632 cibos

161 2665 360 2778 requirat
375 2665 621 2780 sapidiores
640 2682 682 2750 et
700 2665 997 2770 delicatiores,
1028 2693 1166 2777 quam
1183 2663 1286 2777 qui-

162 2785 245 2868 bus
283 2811 388 2868 mea
416 2780 484 2867 Te
515 2801 658 2900 potest
686 2809 871 2900 pascere
902 2783 1110 2867 tenuitas.
1171 2777 1287 2869 Coe-

160 2899 316 2986 nulam
346 2919 574 3018 exspecta,
605 2930 699 2985 non
730 2902 966 3018 epularum
994 2900 1287 3015 magnificen-

135 3117 138 3124 Δ
161 3017 290 3124 tiam;
323 3035 367 3101 et
386 3019 573 3132 exiguae
593 3047 734 3130 quum
750 3019 837 3103 sint
856 3018 1036 3135 copiae,
1066 3018 1160 3102 noli
1178 3045 1287 3102 con-

160 3152 382 3233 temnere,
412 3163 550 3246 quam
566 3165 623 3219 nc
640 3135 718 3219 Dii
736 3135 920 3247 quidem
936 3152 1285 3240 contemserunt,

160 3280 254 3336 non
282 3253 472 3338 inertem
508 3255 694 3338 sortasse
732 3280 818 3338 nec
848 3277 1097 3370 pauperem
1126 3254 1288 3337 volun-

160 3386 297 3454 tatem
315 3367 373 3487 *).
679 3447 687 3488 χ

279 3519 371 3606 Sed
390 3520 516 3605 mitto
534 3523 756 3634 ambages.
796 3519 1008 3636 Virgilius
1024 3521 1063 3604 is
1089 3539 1153 3606 est
1174 3521 1288 3606 sori-

161 3654 283 3838 ptor,
313 3639 411 3752 qui,
442 3639 548 3725 licet
576 3641 873 3757 plurimorum
904 3639 1118 3752 omnique
1148 3634 1286 3724 laude

195 3757 417 3848 orantium
440 3758 639 3843 virorum
670 3757 817 3842 studia
845 3774 1055 3874 expertus
1086 3758 1162 3862 sit,
1193 3774 1288 3842 tam

162 3873 431 3960 immensam
462 3875 612 3960 adhuc
643 3879 856 3993 praebeat
885 3875 945 3960 ad
973 3872 1288 3960 meditandum

164 3993 647 4106 commentandumque
685 3995 944 4099 materiam,
982 4009 1032 4077 ut
1069 3993 1205 4078 homo
1245 4009 1288 4076 et

163 4107 342 4222 ingenio
376 4127 418 4194 et
457 4109 663 4197 doctrina
701 4111 939 4203 abundans
984 4126 1123 4196 totam
1164 4127 1288 4195 aeta-

207 4429 630 4510 mmmmm.
