2730 5016
188 345 264 422 588
436 344 476 417 Ρ.
503 339 765 418 VIRGILII
790 341 1063 418 MARONIS

187 525 392 626 Unguibus
410 523 614 601 infodiunt
629 524 775 626 fruges,
789 528 1017 628 montisque
1034 554 1111 628 per
1123 528 1227 604 altos
1242 535 1313 607 535

189 636 385 710 Contenta
402 629 553 704 cervice
567 628 728 705 trabunt
742 629 946 706 stridentia
961 631 1147 731 plaustra.

186 741 276 812 Non
297 734 414 834 lupus
431 731 589 808 insidias
605 733 779 833 explorat
797 733 912 808 ovilia
932 736 1103 832 circum,

184 844 266 916 Nec
280 837 465 935 gregibus
481 849 700 912 nocturnus
718 836 966 928 obambulat;
993 839 1124 913 acrior
1141 836 1259 912 illurn

185 945 288 1019 Cura
305 939 453 1014 domat.
496 938 643 1014 Timidi
661 938 800 1015 damae
819 941 1003 1040 cervique
1021 939 1185 1040 fugaces

183 1049 298 1122 Nunc
316 1045 498 1144 interque
516 1067 631 1117 canes
652 1056 692 1118 et
710 1044 856 1118 circum
875 1057 977 1118 tecta
991 1059 1197 1142 vagantur.
1241 1050 1311 1122 5411

183 1151 269 1224 Iam
283 1149 402 1222 maris
417 1147 586 1220 inmensi
602 1144 759 1245 prolem
775 1159 815 1220 et
826 1168 951 1243 genus
966 1171 1090 1224 omne
1104 1161 1310 1222 natantum

184 1253 318 1328 Litore
337 1252 377 1325 in
397 1261 592 1340 extremo,
621 1273 694 1324 ceu
711 1247 895 1346 naufraga
914 1274 1102 1352 corpora,
1129 1250 1278 1326 fluctus

183 1355 355 1446 Proluit3
382 1353 558 1428 insolitae
578 1349 733 1449 fugiunt
748 1353 787 1426 in
803 1349 968 1428 flumina
986 1353 1155 1453 phocae.

184 1459 324 1534 Interit
340 1471 380 1532 et
396 1455 522 1532 curvis
538 1453 683 1532 frustra
700 1453 864 1530 defensa
881 1453 1040 1532 latebris

182 1563 347 1663 Vipera,
375 1573 415 1635 et
429 1558 595 1634 adtoniti
613 1559 786 1660 squamis
804 1558 1045 1634 adstantibus
1063 1559 1194 1657 hydri.
1238 1567 1309 1640 545

182 1665 281 1764 Ipsis
301 1677 360 1740 est
378 1688 446 1738 aer
463 1662 596 1738 avibus
615 1686 698 1736 non
716 1687 884 1763 aequus,
913 1676 953 1736 et
971 1663 1058 1738 illae

181 1768 420 1868 Praecipites
436 1765 512 1842 alta
527 1767 646 1840 vitam
663 1765 736 1839 sub
753 1765 862 1841 nube
879 1763 1122 1867 relinquunt.

233 1909 319 1984 541.
345 1925 523 1999 nnorrn,
575 1923 810 2002 narsnrou,

213 2093 264 2148 535
291 2092 426 2161 effodiunt
444 2093 524 2144 Goth.
544 2111 596 2144 sec.
621 2093 787 2176 §munusque
806 2092 902 2146 Medic.
926 2093 998 2160 Wr.)
1076 2093 1129 2146 535
1149 2095 1306 2162 Contempto

179 2161 247 2226 duo,
266 2165 361 2213 utl'ere
376 2180 479 2231 semper
494 2162 609 2213 variatur
624 2161 691 2212 11111.
706 2181 729 2213 v.
763 2165 884 2214 Extento
903 2161 1029 2231 Legnich.
1045 2179 1094 2212 ms.
1168 2163 1304 2215 53711111-

178 2233 260 2284 diens
277 2233 407 2282 Romanus
430 2243 455 2283 et
472 2232 584 2282 Gudian.
610 2235 648 2296 (et
669 2231 750 2282 Parit.
775 2233 801 2285 7.
839 2233 929 2298 Wr.),
954 2250 1003 2301 per
1023 2249 1052 2282 se
1075 2247 1128 2280 non
1151 2231 1233 2281 male.
1275 2235 1305 2280 ‚tt

177 2301 230 2352 vid.
251 2303 315 2352 Not.
405 2301 459 2355 538
482 2301 545 2353 Non
567 2301 639 2352 Toll.
660 2310 687 2350 et
709 2303 801 2352 Franc.
821 2302 903 2353 Goth.
922 2319 961 2368 pr.
1039 2301 1092 2354 539
1119 2301 1246 2350 Il'ma'due
1262 2301 1304 2349 alt

177 2371 310 2433 liottoud„
330 2381 358 2422 at
377 2370 430 2422 vid.
451 2371 575 2424 Servium.
611 2369 733 2424 donunoe
750 2369 833 2420 multi.
870 2369 1007 2440 morbique
1023 2369 1147 2440 fugaces
1163 2371 1302 2420 Comme

177 2441 270 2510 Cruqu.
292 2441 325 2492 ed
348 2441 440 2490 Horat.
463 2442 510 2508 llp.
531 2442 563 2502 Il,
581 2442 604 2500 l,
625 2440 681 2492 136.
752 2437 803 2492 543
821 2440 858 2490 ud
873 2442 995 2510 stuntr'no
1012 2439 1135 2506 Longob.
1161 2449 1189 2488 et
1210 2439 1302 2506 llcgius

177 2510 284 2562 Martio.
305 2509 439 2578 (displicet
450 2509 569 2580 proluit3
589 2519 723 2574 exspectes
733 2509 852 2578 proiicit,
870 2519 914 2559 eut
928 2508 1012 2559 simile
1026 2509 1099 2576 quid.
1120 2509 1194 2569 We)
1254 2507 1301 2560 544

177 2579 328 2652 sensurum,
347 2579 431 2646 inquit
444 2579 538 2640 burm,
564 2577 610 2628 sed
627 2586 667 2627 est
688 2594 736 2644 pro
747 2577 824 2628 cavis.
847 2577 900 2630 rid.
913 2579 1011 2646 Geor-g.
1026 2579 1059 2640 11,
1075 2579 1129 2631 216
1142 2589 1172 2628 et
1193 2577 1230 2628 ibi
1246 2579 1299 2628 No-

177 2659 238 2700 tam.
308 2649 358 2702 545
377 2645 550 2700 exstantibus
561 2647 634 2698 malit
645 2648 682 2696 Io.
697 2647 833 2698 Schrader.

715 2741 727 2774 Ι

175 2816 288 2866 terram
309 2807 448 2882 fodiunt,
477 2815 508 2864 et
524 2805 653 2884 fruges,
684 2803 713 2863 h.
758 2803 855 2862 Corda
875 2806 1009 2880 notavit3
1036 2814 1068 2864 et
1091 2804 1190 2864 videri
1208 2805 1315 2882 potet

175 2893 303 2966 semine,
333 2892 505 2970 urtgnibus,
531 2891 642 2968 digitis,
665 2893 715 2947 iu-
757 2889 939 2950 castissimus
956 2899 1046 2969 poeta
1068 2892 1174 2968 potius
1188 2891 1296 2966 ingenio

164 2978 312 3056 sodistnt,
338 2987 419 3036 terra
444 2978 595 3036 occulunt.
635 2976 714 3033 Gon·
755 2975 922 3050 indulsisse,
945 2997 1037 3054 quem
1050 2996 1156 3036 rerum
1173 2977 1295 3047 veritati,

174 3075 254 3120 totta
276 3066 405 3137 cervice,
430 3081 515 3140 quae
535 3060 712 3120 intenditur.
755 3069 836 3120 certe
849 3061 882 3119 in
898 3063 964 3134 illis,
987 3081 1064 3140 quae
1078 3061 1297 3141 deserpentum
1358 3073 1359 3089 ¹

174 3149 249 3206 Usus
262 3149 345 3206 vocis
363 3148 568 3210 Lucretianus.
612 3147 713 3220 Quum
754 3166 784 3205 v.
808 3145 880 3210 544.
906 3147 969 3212 545
1003 3158 1103 3226 strage
1138 3155 1296 3216 memorat,

172 3243 280 3292 ornate
293 3233 496 3292 haecomnia!
755 3251 904 3309 quaeque
925 3231 1002 3308 lide,
1032 3253 1092 3312 qua
1107 3233 1296 3303 auctoritate,

215 3321 333 3383 537-
349 3319 421 3384 540.
449 3319 546 3378 Etiam
559 3319 636 3376 seras
647 3317 711 3376 lues
753 3318 905 3397 posuerit,
933 3317 1050 3396 ignoro.
1094 3319 1158 3378 Sed
1185 3320 1296 3378 inseetis

173 3413 277 3463 tentat.
307 3405 434 3464 iusidias
460 3406 596 3482 explorat
616 3405 710 3462 ovilia
754 3403 838 3481 aquis
862 3403 956 3482 pisces
982 3403 1163 3484 contagiosis
1191 3405 1295 3464 morbis

170 3493 305 3565 sucum,
335 3489 509 3568 exquisitius
537 3509 627 3566 quam
655 3507 710 3548 ex-
752 3487 876 3562 vexari,
907 3509 955 3548 res
974 3501 1018 3548 est
1048 3491 1130 3549 inter
1160 3489 1294 3550 historiae

170 3575 305 3656 plorare,
334 3575 490 3654 exquirere
508 3574 622 3634 insidiis
642 3575 710 3634 ovi-
752 3573 898 3633 naturalis
909 3585 1047 3634 auctores
1061 3595 1146 3635 nunc
1162 3579 1292 3636 satisex·

169 3661 218 3735 lia,
233 3671 286 3720 aut
301 3661 550 3720 observorecirca
564 3659 709 3734 ovilieid,
751 3660 877 3739 plorata.
907 3661 966 3737 (de
989 3661 1022 3720 vi
1048 3663 1219 3740 particulae
1237 3666 1292 3720 tots

170 3746 576 3828 cuiinsidiaslacerepossit,
591 3746 709 3806 etinsi-
751 3745 812 3806 vid.
846 3745 885 3818 Q.
909 3747 945 3805 V.
970 3747 1107 3822 XXIIII,
1139 3752 1170 3812 9.
1204 3745 1291 3824 We.)

170 3833 271 3892 (11111111
287 3835 395 3892 locum.
404 3830 526 3891 Aeneid.
535 3831 587 3904 IX,
595 3831 636 3895 59
643 3851 707 3910 sqq.
750 3833 884 3904 Phocoe,
899 3832 991 3890 vituli
1005 3833 1125 3892 marini.
1160 3833 1233 3898 543.
1249 3835 1290 3890 s'a-

169 3921 217 3975 Ao
235 3921 327 3978 velasti
338 3921 429 3996 pleno
444 3919 534 3996 lupus
546 3917 707 3974 ittsidt'tztus
749 3918 854 3974 solitae
881 3917 1017 3994 sugium
1028 3963 1037 3993 ,
1074 3939 1135 3996 pro
1175 3919 1290 3978 insolito

168 4004 242 4057 ovili
263 4007 338 4062 011111
346 4004 455 4082 fremit
473 4003 517 4061 ad
527 4002 634 4060 caulos
651 4009 705 4060 etc.
748 4021 840 4060 more.
864 4001 1026 4080 (israelitae,
1047 4004 1066 4062 i.
1083 4023 1108 4064 e.
1127 4005 1212 4078 meri,
1234 4023 1289 4062 non

113 4115 117 4124 ·
166 4097 340 4162 metuentes,
363 4097 474 4162 noctu,
503 4098 540 4146 ut
556 4086 643 4146 toties
656 4087 706 4147 vi-
748 4087 922 4146 ssuminibus
937 4088 1098 4164 adsuetae,
1120 4089 1286 4148 1111131111-

168 4165 274 4228 dimus.
295 4177 393 4230 aerior
409 4195 500 4245 cura,
525 4173 632 4232 morbi.
749 4173 822 4232 dsrl.
848 4173 975 4234 Praelst.
1003 4195 1069 4254 pag.
1091 4177 1172 4234 xvt.
1197 4171 1285 4249 We.)

209 4247 478 4316 54l.dristotelem
488 4255 704 4318 Histonslnim.
748 4257 819 4324 545.
839 4261 982 4334 adtoniti,
1005 4270 1172 4339 torpentes,
1192 4261 1284 4337 rigeo·

167 4331 361 4404 Vlss219.20
384 4362 508 4421 negare,
529 4344 625 4422 pisces
641 4344 705 4404 ullo
746 4353 801 4403 tes.
822 4347 958 4424 squamis
975 4346 1181 4420 edomamus,
1208 4355 1281 4404 stae

163 4417 310 4488 pestilenti
340 4426 446 4485 morbo
475 4429 608 4503 tentari,
644 4431 704 4491 itm
746 4429 841 4506 tibus,
863 4429 987 4506 erectis,
1007 4429 1210 4492 horrentibus
