2652 5032
211 357 571 438 ononcrcon
596 357 702 438 ms.
724 359 781 455 11,
808 321 1024 440 arn-sss
1103 363 1180 442 css

44 546 262 646 Caeditur,
290 559 331 622 ct
343 557 500 622 veteres
516 545 658 622 ineunt
672 548 880 647 proscenia
895 543 1000 645 ludi,

41 653 316 752 Praemiaque
330 650 495 747 ingeniis
512 673 635 750 pagos
652 663 694 725 et
707 651 879 751 compita
896 653 1045 728 circum

41 753 253 832 Thesidae
273 776 466 854 posuere3
493 766 612 855 atque
629 753 733 830 inter
749 753 892 856 pocula
909 753 1001 832 lacti

38 857 243 936 Mollibus
259 859 301 932 in
316 858 436 960 pratis
450 869 594 934 unctos
611 857 764 936 saluere
779 882 853 959 per
866 872 985 938 utres.

37 968 130 1040 Nec
149 987 236 1038 non
249 961 432 1058 Ausonii,
454 961 573 1038 Troia
588 984 685 1060 gens
701 963 834 1060 missa,
863 962 997 1038 coloni
1102 963 1178 1042 386

71 1171 134 1226 ³82
153 1171 184 1221 in
242 1169 342 1222 tesval
355 1166 569 1240 ingentisrulgo
584 1165 693 1231 lectmu3
710 1167 768 1220 scii.
782 1167 930 1232 Thesidae,
950 1167 1001 1222 etsi
1012 1166 1112 1220 Pierius
1124 1167 1176 1221 inm

38 1257 169 1292 commen
191 1247 283 1290 avent
302 1239 427 1300 alterum
454 1237 487 1288 ad
500 1237 570 1306 qnod
588 1237 768 1306 recipiendum
781 1237 884 1290 mireris
902 1237 1037 1290 Heinsiurn
1054 1237 1098 1290 hic
1109 1239 1176 1290 adeo

36 1311 168 1362 timidum
181 1307 272 1360 fuisse.
307 1309 433 1392 Ingentis
445 1307 565 1376 reposuit
576 1309 734 1360 bumannus
749 1325 781 1358 ex
793 1305 976 1377 antiquissimis
992 1307 1085 1372 Pierii,
1110 1307 1178 1360 Phi-

1 1418 2 1424 .
35 1378 185 1448 iargyrio,
210 1378 269 1430 eod.
288 1376 397 1442 Ursini,
420 1377 509 1428 etad.
528 1379 595 1432 ven.
630 1378 673 1430 Sic
695 1378 799 1430 Lucret.
821 1379 853 1440 ΙΙ,
872 1379 903 1430 11
922 1390 1029 1429 certare
1048 1379 1176 1448 ingenio:

1 1492 2 1495 ,
35 1447 81 1500 ubi
94 1468 125 1502 v.
140 1447 254 1500 Waker.
323 1444 377 1503 ³84
393 1447 504 1498 soluere
516 1447 689 1500 vetustissima
702 1447 843 1515 scriptum
860 1446 921 1511 alii,
939 1457 968 1498 nt
982 1445 1177 1514 pronuntiatum

34 1519 88 1570 iam
104 1517 199 1580 oiim,
216 1517 324 1570 saliere.
358 1515 419 1568 vide
437 1515 496 1567 hl.
512 1517 603 1570 Heius.
618 1527 644 1568 et
658 1519 743 1568 Bnrm.
763 1521 820 1568 Sec.
836 1515 869 1569 ad
880 1515 988 1568 Anthol.
1001 1517 1060 1569 Lat.
1074 1535 1101 1586 p.
1115 1516 1176 1570 540.

35 1589 178 1658 (saluere,
199 1585 270 1654 quod
285 1586 364 1638 ctiam
379 1585 406 1636 iu
420 1584 503 1637 Paris·
516 1587 552 1650 7.,
569 1585 643 1654 prior
649 1585 729 1639 lectio
741 1585 865 1652 Medicci,
881 1585 964 1638 altera
976 1586 1092 1648 saliem
1109 1585 1177 1636 illud

34 1658 121 1710 etiam
135 1655 319 1721 Terentiano,
336 1655 406 1706 bunc
418 1671 456 1706 rs.
472 1653 601 1722 afferenti,
615 1655 734 1710 restitnit
749 1659 855 1710 Saurea.
870 1673 897 1726 p.
917 1653 960 1712 47.
982 1655 1054 1725 Wr.)
1122 1654 1175 1712 ³85

1 1775 2 1778 ,
33 1747 52 1778 α
71 1729 171 1780 Troia
184 1725 261 1778 Laid.
297 1738 326 1778 ee
343 1723 655 1793 (l'roiolieginsbiartin.

33 1883 146 1944 liade
175 1902 281 1943 caussa
309 1901 399 1962 caper
423 1882 457 1942 in
484 1881 594 1942 Bncchi
636 1905 692 1967 pro
716 1903 804 1946 scens
828 1885 967 1968 positum.
1010 1887 1082 1952 382.
1102 1889 1175 1952 388.

31 1971 133 2032 sacris
146 1969 340 2044 immolatur,
366 1978 414 2044 ct,
442 1987 511 2028 cum
526 1967 595 2029 hir·
640 1972 804 2049 Thesidae,
825 1971 1029 2050 Athenienses,
1048 1995 1175 2052 posuere

32 2077 89 2116 cus
106 2055 210 2115 semel
229 2053 348 2114 Baccho
360 2073 443 2114 sacer
455 2065 539 2130 esset,
561 2056 594 2115 in
630 2062 788 2136 praemia,
810 2079 866 2138 pro
880 2060 1023 2140 praemio,
1044 2059 1174 2137 hircum,

31 2154 148 2204 vetere
181 2141 337 2220 tragoedia
370 2137 593 2202 Atheniensium
635 2147 783 2224 hagenhe,
807 2143 838 2206 h.
852 2147 964 2226 poetis,
986 2149 1097 2206 circum
1108 2169 1175 2230 pa-

30 2246 131 2309 caper
144 2227 248 2308 poetis
258 2225 425 2306 praemium
440 2235 505 2285 erat
518 2247 593 2306 pro—
632 2249 691 2309 gos
706 2243 735 2289 et
748 2235 892 2308 compita.
929 2233 1008 2292 Nota
1023 2231 1060 2291 de
1076 2231 1174 2314 prima

29 2317 189 2396 positum,
213 2309 337 2393 (subeat
349 2311 501 2392 quemipsi
518 2333 591 2372 mox
633 2316 678 2376 rei
695 2315 827 2374 scenicae
848 2317 959 2396 origine
979 2317 1088 2378 sabula.
1110 2319 1173 2380 viu

28 2400 171 2462 honoris
190 2417 294 2458 caussa
309 2398 365 2458 deo
380 2396 588 2480 immolabant)
632 2399 753 2460 Horatii
772 2402 837 2460 Art
861 2404 923 2468 27⁵
946 2424 1007 2481 sq.,
1036 2424 1113 2482 quae
1133 2403 1173 2464 ad

28 2489 178 2546 carmine
203 2487 257 2563 qui
278 2487 394 2562 augien
413 2485 504 2542 vilem
525 2505 591 2542 cer-
632 2486 772 2565 Dionysia
785 2487 908 2562 manlia,
921 2484 959 2550 cni
973 2482 1038 2550 κάτ’
1051 2479 1172 2570 α’γροΰς,

1 2575 2 2578 ’
28 2577 112 2632 ιανὶι
132 2569 173 2630 ob
188 2569 305 2629 hicum
320 2570 426 2630 Horat.
436 2568 501 2628 Art.
517 2573 590 2634 220.
631 2591 687 2652 per
710 2591 814 2651 pagos,
841 2573 946 2650 utique
974 2573 1121 2652 pertinet:
1155 2595 1172 2634 e

28 2661 67 2720 cf.
91 2655 218 2717 Tibull.
240 2655 276 2730 11,
302 2663 329 2732 l,
352 2656 393 2722 56
412 2663 443 2714 et
454 2655 496 2714 ibi
509 2655 589 2730 Not,
632 2675 761 2735 quorum
772 2675 879 2738 genere
892 2677 961 2718 cum
974 2659 1011 2716 ab
1022 2659 1172 2720 initiores-

1 2746 2 2752 ’
28 2766 86 2804 nec
102 2763 177 2804 non
192 2739 316 2801 hircinis
328 2741 455 2821 pellibus
468 2739 519 2822 (cx
529 2741 589 2800 im-
631 2751 699 2802 sent
723 2739 760 2804 aci
780 2743 814 2805 iv
832 2744 981 2823 Λίμναις,
1003 2764 1026 2803 s.
1044 2745 1172 2804 Lenaea

28 2830 164 2892 molatio
188 2824 299 2909 hircis)
324 2835 409 2886 utres
432 2826 522 2902 facti,
555 2825 588 2884 in
632 2825 898 2909 (diversaquidem
919 2837 951 2888 et
966 2827 1041 2888 haec
1054 2850 1073 2888 a
1088 2831 1172 2890 Dio-

1 2987 2 2991 ,
27 2939 109 2997 quos
152 2913 222 2973 oleo
250 2913 391 2972 inunctos
424 2912 588 2972 adsilirent.
629 2917 723 2993 nysbzs
744 2913 880 2990 maius,
908 2933 962 2974 seu
980 2913 1169 2999 maioribus),

26 3005 126 3078 Tum,
145 2999 234 3079 quod
248 3008 354 3079 poetae
364 2998 474 3059 licebat
487 2998 519 3056 in
534 3017 588 3056 or·
630 2999 726 3059 auctis
749 3007 851 3060 tamen
873 2999 958 3060 urbis
985 3002 1106 3081 opibus,
1136 3021 1172 3061 ea

25 3101 150 3150 natum
183 3085 368 3164 captandum
407 3082 586 3165 exspatiari,
628 3085 820 3166 praecipuam
840 3086 1043 3148 celebritatem
1065 3108 1171 3149 conss-

25 3171 199 3254 quomodo
214 3189 251 3230 ex
265 3171 449 3230 Graecorum
464 3169 522 3229 illis
537 3189 588 3228 sa·
629 3179 725 3250 qnuta
739 3181 826 3247 sunt,
848 3181 884 3232 ut
898 3172 1017 3234 diversa
1028 3175 1117 3255 plane
1132 3175 1171 3236 ab

24 3263 89 3322 eris
120 3257 239 3318 latina
267 3256 401 3316 eiusdem
429 3255 475 3314 dei
502 3274 588 3314 sacra
628 3256 780 3318 ruralibus
795 3256 935 3318 habenda
949 3259 1025 3336 sint,
1051 3271 1087 3320 ut
1100 3281 1170 3320 cum

23 3345 208 3418 fluxeririt,
242 3350 464 3402 commemorat.
513 3341 589 3400 illu·
628 3341 1170 3427 exquisitacdoctrinaecopiaadlie-

23 3435 102 3494 stris
128 3431 222 3492 locus
245 3438 307 3504 est3
334 3427 448 3508 singnis
469 3425 588 3487 videbi·
629 3426 768 3508 sychium
786 3428 827 3488 od
849 3430 999 3509 liquidum
1024 3431 1170 3512 perduxit

23 3541 109 3580 mus.
162 3513 206 3596 (A
219 3515 400 3574 mactatione
415 3512 497 3592 capri
514 3512 587 3572 Dio·
629 3512 845 3591 Ruhnksnius,
865 3515 988 3597 inhpp.

22 3606 121 3687 nynia
131 3599 221 3682 apud
235 3601 365 3660 Graecos
380 3599 522 3680 originem
534 3617 587 3657 eo-
672 3598 744 3665 384.
765 3595 994 3683 Ἀσκωλιασμὸς,
1009 3601 1042 3661 in
1053 3601 1170 3681 Diony-

22 3693 162 3772 κρίμα,
186 3686 333 3766 simulque
344 3685 433 3746 ludos
446 3683 587 3760 scenicos,
628 3683 680 3744 riis
700 3685 837 3765 paganis,
865 3692 930 3760 τοῖς
949 3681 1022 3748 κατ’
1045 3681 1168 3769 aimonio,

23 3779 80 3858 qui
96 3779 186 3838 sesto
200 3772 252 3832 ilio
274 3773 390 3831 etiam
411 3779 491 3830 tum
513 3769 585 3828 eda-
627 3771 777 3848 sollennia,
790 3771 874 3831 lusus
886 3771 1066 3847 notissimus,
1079 3791 1169 3852 quem

22 3865 173 3938 bantur,
204 3858 285 3919 canit
298 3857 446 3936 Virgilius.
472 3854 585 3939 Wclr.)
628 3855 718 3916 etiarn
753 3857 787 3918 in
806 3855 905 3936 iapida
928 3857 1011 3937 apud
1039 3857 1169 3954 ¹§orium

69 3952 158 4016 381.
181 3957 292 4005 vetem
311 3944 378 4003 ludi
400 3945 502 4001 buum
510 3963 586 4020 pro-
628 3941 766 4022 Inscript.
785 3940 901 4002 Ebusc.
923 3943 957 4003 Τ.
979 3942 1024 4018 11,
1043 3964 1072 4023 p.
1095 3945 1167 4021 105,

22 4039 157 4109 semia,
181 4049 248 4112 pro,
266 4029 346 4104 olim,
368 4027 498 4106 antiquis
506 4037 587 4088 tem-
627 4028 758 4109 conspici
774 4046 860 4108 posse
881 4027 943 4087 iam
960 4027 1063 4090 Burni.
1077 4039 1168 4092 nota-

23 4122 182 4203 pon‘bus,
205 4115 270 4176 ludi
283 4116 314 4176 in
334 4133 450 4174 scenam
462 4111 587 4189 inducti,
626 4113 688 4189 vit,
710 4122 849 4190 atquem
871 4115 981 4192 passim
1001 4116 1167 4196 ingemmis

23 4209 122 4282 iacti,
140 4201 272 4263 exhibiti
284 4209 363 4261 sunt.
383 4201 584 4280 proscenium,
626 4205 658 4258 et
672 4197 872 4258 marmoribus
884 4195 1052 4259 exhibitum
1064 4201 1167 4262 videas

24 4291 161 4374 proprie
183 4299 254 4348 ante
274 4306 392 4346 scenam
412 4303 517 4346 versus
534 4303 587 4345 or·
627 4279 702 4364 (vid.
723 4283 848 4343 Gorium
868 4283 960 4344 lnscr.
981 4285 1097 4348 Ebuso
1110 4288 1131 4349 1.
1144 4289 1165 4351 l.

25 4379 204 4452 abactam,
216 4373 367 4454 pulpitum
379 4371 586 4448 habebatque
625 4367 713 4429 Adde
735 4389 766 4429 v.
785 4389 810 4428 c.
833 4369 953 4428 Gorlaei
983 4370 1166 4453 Dactylioth.

25 4473 157 4525 actores
171 4459 356 4542 prodibant,
377 4456 409 4519 h
426 4457 445 4518 l.
464 4455 586 4516 omnino
626 4451 851 4538 T.11‚n.508).
879 4455 999 4518 Usium
1012 4457 1166 4536 fuitum,
