<?xml version="1.0" encoding="UTF-8"?>
<!DOCTYPE html PUBLIC "-//W3C//DTD XHTML 1.0 Transitional//EN"
    "http://www.w3.org/TR/xhtml1/DTD/xhtml1-transitional.dtd">
<html xmlns="http://www.w3.org/1999/xhtml" xml:lang="en" lang="en">
 <head>
  <title>
</title>
<meta http-equiv="Content-Type" content="text/html;charset=utf-8" />
  <meta name='ocr-system' content='tesseract 3.04.00' />
  <meta name='ocr-capabilities' content='ocr_page ocr_carea ocr_par ocr_line ocrx_word'/>
</head>
<body>
  <div class='ocr_page' id='page_1' title='image "./publiusvirgiliu00virggoog/publiusvirgiliu00virggoog_0714.png"; bbox 0 0 2730 5016; ppageno 0'>
   <div class='ocr_carea' id='block_1_1' title="bbox 201 305 1166 456">
    <p class='ocr_par' dir='ltr' id='par_1_1' title="bbox 201 305 1166 456">
     <span class='ocr_line' id='line_1_1' title="bbox 201 305 1166 456; baseline 0.008 -18"><span class='ocrx_word' id='word_1_1' title='bbox 201 305 1010 456; x_wconf 67' lang='lat' dir='ltr'>aaonorconnrn.nasas-mo</span> <span class='ocrx_word' id='word_1_2' title='bbox 1090 369 1166 446; x_wconf 79' lang='lat' dir='ltr'>aaa</span> 
     </span>
    </p>
   </div>
   <div class='ocr_carea' id='block_1_2' title="bbox 7 547 1165 1478">
    <p class='ocr_par' dir='ltr' id='par_1_2' title="bbox 8 547 912 648">
     <span class='ocr_line' id='line_1_2' title="bbox 8 547 912 648; baseline 0 -24"><span class='ocrx_word' id='word_1_3' title='bbox 8 587 16 640; x_wconf 54' lang='grc' dir='ltr'>ς</span> <span class='ocrx_word' id='word_1_4' title='bbox 63 553 251 624; x_wconf 85' lang='lat' dir='ltr'>Praeterea</span> <span class='ocrx_word' id='word_1_5' title='bbox 269 550 348 624; x_wconf 92' lang='lat' dir='ltr'>iam</span> <span class='ocrx_word' id='word_1_6' title='bbox 365 573 440 623; x_wconf 91' lang='lat' dir='ltr'>nec</span> <span class='ocrx_word' id='word_1_7' title='bbox 457 549 600 624; x_wconf 89' lang='lat' dir='ltr'>mutari</span> <span class='ocrx_word' id='word_1_8' title='bbox 613 547 757 648; x_wconf 89' lang='lat' dir='ltr'>pabula</span> <span class='ocrx_word' id='word_1_9' title='bbox 772 547 912 642; x_wconf 83' lang='lat' dir='ltr'><strong>refert,</strong></span> 
     </span>
    </p>

    <p class='ocr_par' dir='ltr' id='par_1_3' title="bbox 7 653 1022 754">
     <span class='ocr_line' id='line_1_3' title="bbox 7 653 1022 754; baseline 0.008 -34"><span class='ocrx_word' id='word_1_10' title='bbox 7 675 20 720; x_wconf 77' lang='lat' dir='ltr'>a</span> <span class='ocrx_word' id='word_1_11' title='bbox 64 654 333 753; x_wconf 84' lang='lat' dir='ltr'>Quaesitaaque</span> <span class='ocrx_word' id='word_1_12' title='bbox 352 665 501 727; x_wconf 89' lang='lat' dir='ltr'>nocent</span> <span class='ocrx_word' id='word_1_13' title='bbox 520 665 639 743; x_wconf 90' lang='lat' dir='ltr'>artes;</span> <span class='ocrx_word' id='word_1_14' title='bbox 661 677 821 754; x_wconf 21' lang='lat' dir='ltr'>‚cessere</span> <span class='ocrx_word' id='word_1_15' title='bbox 838 653 1022 752; x_wconf 79' lang='lat' dir='ltr'>magistri,</span> 
     </span>
    </p>

    <p class='ocr_par' dir='ltr' id='par_1_4' title="bbox 7 753 1165 1478">
     <span class='ocr_line' id='line_1_4' title="bbox 7 753 1165 857; baseline 0.01 -33"><span class='ocrx_word' id='word_1_16' title='bbox 7 781 18 824; x_wconf 68' lang='lat' dir='ltr'>a</span> <span class='ocrx_word' id='word_1_17' title='bbox 62 753 278 850; x_wconf 81' lang='lat' dir='ltr'>Phillyrides</span> <span class='ocrx_word' id='word_1_18' title='bbox 294 755 444 832; x_wconf 85' lang='lat' dir='ltr'>Chiron</span> <span class='ocrx_word' id='word_1_19' title='bbox 458 755 1071 857; x_wconf 87' lang='lat' dir='ltr'>AmythaoniusqueMelampus.</span> <span class='ocrx_word' id='word_1_20' title='bbox 1088 761 1165 838; x_wconf 89' lang='grc'>550</span> 
     </span>
     <span class='ocr_line' id='line_1_5' title="bbox 7 858 1025 956; baseline 0.005 -28"><span class='ocrx_word' id='word_1_21' title='bbox 7 861 13 896; x_wconf 81' lang='grc'>·’</span> <span class='ocrx_word' id='word_1_22' title='bbox 62 859 191 950; x_wconf 86' lang='lat' dir='ltr'>Saen’t,</span> <span class='ocrx_word' id='word_1_23' title='bbox 219 871 277 954; x_wconf 90' lang='lat' dir='ltr'>et,</span> <span class='ocrx_word' id='word_1_24' title='bbox 306 859 346 932; x_wconf 93' lang='lat' dir='ltr'>in</span> <span class='ocrx_word' id='word_1_25' title='bbox 365 858 497 934; x_wconf 89' lang='lat' dir='ltr'>lucem</span> <span class='ocrx_word' id='word_1_26' title='bbox 517 860 655 956; x_wconf 80' lang='lat' dir='ltr'>Stygiis</span> <span class='ocrx_word' id='word_1_27' title='bbox 673 860 812 936; x_wconf 90' lang='lat' dir='ltr'>emissa</span> <span class='ocrx_word' id='word_1_28' title='bbox 830 860 1025 956; x_wconf 86' lang='lat' dir='ltr'>tenebris,</span> 
     </span>
     <span class='ocr_line' id='line_1_6' title="bbox 61 957 1074 1064; baseline 0.008 -32.545"><span class='ocrx_word' id='word_1_29' title='bbox 61 957 189 1035; x_wconf 78' lang='lat' dir='ltr'>Pallida</span> <span class='ocrx_word' id='word_1_30' title='bbox 207 960 426 1060; x_wconf 90' lang='lat' dir='ltr'>Tisiphone</span> <span class='ocrx_word' id='word_1_31' title='bbox 440 961 607 1038; x_wconf 88' lang='lat' dir='ltr'>Morbos</span> <span class='ocrx_word' id='word_1_32' title='bbox 625 964 702 1060; x_wconf 89' lang='lat' dir='ltr'>agit</span> <span class='ocrx_word' id='word_1_33' title='bbox 719 969 1074 1064; x_wconf 74' lang='lat' dir='ltr'>ante&#39;Metumque,</span> 
     </span>
     <span class='ocr_line' id='line_1_7' title="bbox 59 1063 1033 1167; baseline 0.011 -31.442"><span class='ocrx_word' id='word_1_34' title='bbox 59 1064 169 1162; x_wconf 91' lang='lat' dir='ltr'>lnque</span> <span class='ocrx_word' id='word_1_35' title='bbox 186 1063 269 1138; x_wconf 90' lang='lat' dir='ltr'>dies</span> <span class='ocrx_word' id='word_1_36' title='bbox 286 1064 446 1140; x_wconf 90' lang='lat' dir='ltr'>avidum</span> <span class='ocrx_word' id='word_1_37' title='bbox 459 1089 622 1162; x_wconf 83' lang='lat' dir='ltr'>surgens</span> <span class='ocrx_word' id='word_1_38' title='bbox 640 1079 755 1167; x_wconf 89' lang='lat' dir='ltr'>caput</span> <span class='ocrx_word' id='word_1_39' title='bbox 774 1065 885 1142; x_wconf 88' lang='lat' dir='ltr'>altius</span> <span class='ocrx_word' id='word_1_40' title='bbox 905 1063 1033 1146; x_wconf 81' lang='lat' dir='ltr'>effert</span> 
     </span>
     <span class='ocr_line' id='line_1_8' title="bbox 59 1165 1154 1268; baseline 0 -24"><span class='ocrx_word' id='word_1_41' title='bbox 59 1165 177 1240; x_wconf 84' lang='lat' dir='ltr'>halatu</span> <span class='ocrx_word' id='word_1_42' title='bbox 194 1192 386 1268; x_wconf 87' lang='lat' dir='ltr'>pecorum</span> <span class='ocrx_word' id='word_1_43' title='bbox 409 1182 448 1244; x_wconf 89' lang='lat' dir='ltr'>et</span> <span class='ocrx_word' id='word_1_44' title='bbox 466 1169 612 1244; x_wconf 82' lang='lat' dir='ltr'>crebris</span> <span class='ocrx_word' id='word_1_45' title='bbox 630 1170 844 1268; x_wconf 88' lang='lat' dir='ltr'>mugitibus</span> <span class='ocrx_word' id='word_1_46' title='bbox 860 1194 997 1268; x_wconf 88' lang='lat' dir='ltr'>amnes</span> <span class='ocrx_word' id='word_1_47' title='bbox 1144 1237 1154 1262; x_wconf 76' lang='grc'><strong><em>,</em></strong></span> 
     </span>
     <span class='ocr_line' id='line_1_9' title="bbox 7 1271 1163 1375; baseline 0.013 -40"><span class='ocrx_word' id='word_1_48' title='bbox 7 1296 25 1350; x_wconf 60' lang='lat' dir='ltr'>,z</span> <span class='ocrx_word' id='word_1_49' title='bbox 57 1273 287 1371; x_wconf 71' lang='lat' dir='ltr'>Arentesque</span> <span class='ocrx_word' id='word_1_50' title='bbox 304 1285 447 1347; x_wconf 88' lang='lat' dir='ltr'>sonant</span> <span class='ocrx_word' id='word_1_51' title='bbox 464 1274 572 1373; x_wconf 84' lang='lat' dir='ltr'>ripae</span> <span class='ocrx_word' id='word_1_52' title='bbox 590 1271 791 1375; x_wconf 89' lang='lat' dir='ltr'>collesque</span> <span class='ocrx_word' id='word_1_53' title='bbox 809 1273 949 1374; x_wconf 88' lang='lat' dir='ltr'>supini.</span> <span class='ocrx_word' id='word_1_54' title='bbox 1087 1275 1163 1350; x_wconf 85' lang='lat'>555</span> 
     </span>
     <span class='ocr_line' id='line_1_10' title="bbox 7 1373 1163 1478; baseline 0.006 -36"><span class='ocrx_word' id='word_1_55' title='bbox 7 1409 21 1455; x_wconf 73' lang='lat'>3,</span> <span class='ocrx_word' id='word_1_56' title='bbox 57 1373 204 1474; x_wconf 89' lang='lat' dir='ltr'>lamque</span> <span class='ocrx_word' id='word_1_57' title='bbox 221 1375 448 1451; x_wconf 90' lang='lat' dir='ltr'>catervatim</span> <span class='ocrx_word' id='word_1_58' title='bbox 465 1375 532 1450; x_wconf 89' lang='lat' dir='ltr'>dat</span> <span class='ocrx_word' id='word_1_59' title='bbox 550 1389 738 1476; x_wconf 87' lang='lat' dir='ltr'>stragem,</span> <span class='ocrx_word' id='word_1_60' title='bbox 767 1391 885 1478; x_wconf 89' lang='lat' dir='ltr'>atque</span> <span class='ocrx_word' id='word_1_61' title='bbox 901 1389 1056 1474; x_wconf 83' lang='lat' dir='ltr'>aggerat</span> <span class='ocrx_word' id='word_1_62' title='bbox 1070 1377 1163 1476; x_wconf 90' lang='lat' dir='ltr'>ipsis</span> 
     </span>
    </p>
   </div>
   <div class='ocr_carea' id='block_1_3' title="bbox 7 1592 1162 2644">
    <p class='ocr_par' dir='ltr' id='par_1_5' title="bbox 8 1592 1162 1810">
     <span class='ocr_line' id='line_1_11' title="bbox 8 1592 1162 1670; baseline 0 -18"><span class='ocrx_word' id='word_1_63' title='bbox 8 1592 24 1654; x_wconf 64' lang='grc'>5</span> <span class='ocrx_word' id='word_1_64' title='bbox 83 1597 128 1652; x_wconf 76' lang='lat'>548</span> <span class='ocrx_word' id='word_1_65' title='bbox 142 1601 195 1649; x_wconf 81' lang='lat' dir='ltr'>iam</span> <span class='ocrx_word' id='word_1_66' title='bbox 218 1599 384 1652; x_wconf 83' lang='lat' dir='ltr'>neeelibris</span> <span class='ocrx_word' id='word_1_67' title='bbox 404 1601 523 1668; x_wconf 87' lang='lat' dir='ltr'>reposuit</span> <span class='ocrx_word' id='word_1_68' title='bbox 541 1601 632 1653; x_wconf 83' lang='lat' dir='ltr'>Heius.</span> <span class='ocrx_word' id='word_1_69' title='bbox 667 1605 707 1654; x_wconf 85' lang='lat' dir='ltr'>Ita</span> <span class='ocrx_word' id='word_1_70' title='bbox 719 1613 807 1656; x_wconf 85' lang='lat' dir='ltr'>tamen</span> <span class='ocrx_word' id='word_1_71' title='bbox 822 1602 1022 1670; x_wconf 87' lang='lat' dir='ltr'>iamlegebatur</span> <span class='ocrx_word' id='word_1_72' title='bbox 1042 1600 1068 1651; x_wconf 88' lang='lat' dir='ltr'>in</span> <span class='ocrx_word' id='word_1_73' title='bbox 1082 1600 1162 1652; x_wconf 82' lang='lat' dir='ltr'>Com-</span> 
     </span>
     <span class='ocr_line' id='line_1_12' title="bbox 55 1665 1162 1738; baseline 0.007 -24"><span class='ocrx_word' id='word_1_74' title='bbox 55 1665 129 1717; x_wconf 87' lang='lat' dir='ltr'>melin.</span> <span class='ocrx_word' id='word_1_75' title='bbox 150 1669 281 1720; x_wconf 86' lang='lat' dir='ltr'>Polmann.</span> <span class='ocrx_word' id='word_1_76' title='bbox 303 1670 406 1732; x_wconf 84' lang='lat' dir='ltr'>Elzer.;</span> <span class='ocrx_word' id='word_1_77' title='bbox 429 1670 506 1738; x_wconf 86' lang='lat' dir='ltr'>vulgo</span> <span class='ocrx_word' id='word_1_78' title='bbox 527 1671 587 1734; x_wconf 87' lang='lat' dir='ltr'>alii,</span> <span class='ocrx_word' id='word_1_79' title='bbox 610 1675 741 1735; x_wconf 78' lang='lat' dir='ltr'>neriam,</span> <span class='ocrx_word' id='word_1_80' title='bbox 766 1691 823 1724; x_wconf 87' lang='lat' dir='ltr'>cum</span> <span class='ocrx_word' id='word_1_81' title='bbox 843 1675 978 1734; x_wconf 81' lang='lat' dir='ltr'>Romano,</span> <span class='ocrx_word' id='word_1_82' title='bbox 1004 1679 1033 1720; x_wconf 86' lang='lat' dir='ltr'>ut</span> <span class='ocrx_word' id='word_1_83' title='bbox 1054 1681 1081 1722; x_wconf 84' lang='lat' dir='ltr'>et</span> <span class='ocrx_word' id='word_1_84' title='bbox 1092 1671 1162 1722; x_wconf 83' lang='lat' dir='ltr'>Beda</span> 
     </span>
     <span class='ocr_line' id='line_1_13' title="bbox 54 1733 1161 1810; baseline 0.008 -27"><span class='ocrx_word' id='word_1_85' title='bbox 54 1733 81 1784; x_wconf 86' lang='lat' dir='ltr'>de</span> <span class='ocrx_word' id='word_1_86' title='bbox 100 1737 192 1789; x_wconf 73' lang='lat' dir='ltr'>menda.</span> <span class='ocrx_word' id='word_1_87' title='bbox 235 1740 478 1791; x_wconf 62' lang='lat' dir='ltr'>statueramus.</span> <span class='ocrx_word' id='word_1_88' title='bbox 498 1741 548 1802; x_wconf 86' lang='lat' dir='ltr'>Vl,</span> <span class='ocrx_word' id='word_1_89' title='bbox 573 1743 590 1794; x_wconf 79' lang='lat'>2</span> <span class='ocrx_word' id='word_1_90' title='bbox 612 1744 764 1793; x_wconf 85' lang='lat' dir='ltr'>Praeterea</span> <span class='ocrx_word' id='word_1_91' title='bbox 782 1761 833 1794; x_wconf 86' lang='lat' dir='ltr'>rtee</span> <span class='ocrx_word' id='word_1_92' title='bbox 856 1743 960 1792; x_wconf 83' lang='lat' dir='ltr'>mutari</span> <span class='ocrx_word' id='word_1_93' title='bbox 977 1741 1030 1790; x_wconf 82' lang='lat' dir='ltr'>iam</span> <span class='ocrx_word' id='word_1_94' title='bbox 1049 1739 1161 1810; x_wconf 82' lang='lat' dir='ltr'>pabula.</span> 
     </span>
    </p>

    <p class='ocr_par' dir='ltr' id='par_1_6' title="bbox 7 1801 1162 2089">
     <span class='ocr_line' id='line_1_14' title="bbox 7 1801 1161 1879; baseline 0.003 -22"><span class='ocrx_word' id='word_1_95' title='bbox 7 1828 17 1872; x_wconf 60' lang='lat' dir='ltr'>r„</span> <span class='ocrx_word' id='word_1_96' title='bbox 52 1801 95 1857; x_wconf 71' lang='grc'>559</span> <span class='ocrx_word' id='word_1_97' title='bbox 111 1824 214 1858; x_wconf 83' lang='lat' dir='ltr'>cessere</span> <span class='ocrx_word' id='word_1_98' title='bbox 235 1808 331 1860; x_wconf 85' lang='lat' dir='ltr'>Medio.</span> <span class='ocrx_word' id='word_1_99' title='bbox 352 1827 368 1860; x_wconf 89' lang='lat' dir='ltr'>a</span> <span class='ocrx_word' id='word_1_100' title='bbox 389 1828 423 1860; x_wconf 90' lang='lat' dir='ltr'>m.</span> <span class='ocrx_word' id='word_1_101' title='bbox 441 1825 481 1876; x_wconf 90' lang='lat' dir='ltr'>pr.</span> <span class='ocrx_word' id='word_1_102' title='bbox 516 1815 568 1861; x_wconf 87' lang='lat' dir='ltr'>Am</span> <span class='ocrx_word' id='word_1_103' title='bbox 588 1809 735 1873; x_wconf 71' lang='lat' dir='ltr'>cluverius,</span> <span class='ocrx_word' id='word_1_104' title='bbox 758 1812 985 1879; x_wconf 80' lang='lat' dir='ltr'>Amitaonr&#39;asque</span> <span class='ocrx_word' id='word_1_105' title='bbox 1006 1810 1161 1878; x_wconf 84' lang='lat' dir='ltr'>Menalpus,</span> 
     </span>
     <span class='ocr_line' id='line_1_15' title="bbox 54 1874 1162 1948; baseline 0.008 -27"><span class='ocrx_word' id='word_1_106' title='bbox 54 1874 233 1946; x_wconf 83' lang='lat' dir='ltr'>Ilalaampus,</span> <span class='ocrx_word' id='word_1_107' title='bbox 251 1878 439 1948; x_wconf 84' lang='lat' dir='ltr'>Melamphus,</span> <span class='ocrx_word' id='word_1_108' title='bbox 456 1877 644 1931; x_wconf 83' lang='lat' dir='ltr'>aberratrones.</span> <span class='ocrx_word' id='word_1_109' title='bbox 672 1879 724 1931; x_wconf 88' lang='lat' dir='ltr'>rid.</span> <span class='ocrx_word' id='word_1_110' title='bbox 738 1880 864 1948; x_wconf 79' lang='lat' dir='ltr'>Apollod.</span> <span class='ocrx_word' id='word_1_111' title='bbox 882 1881 944 1942; x_wconf 82' lang='lat'>1,9‚</span> <span class='ocrx_word' id='word_1_112' title='bbox 963 1881 1004 1932; x_wconf 83' lang='lat' dir='ltr'>ll·</span> <span class='ocrx_word' id='word_1_113' title='bbox 1075 1877 1125 1932; x_wconf 89' lang='grc'>551</span> <span class='ocrx_word' id='word_1_114' title='bbox 1144 1897 1162 1930; x_wconf 89' lang='lat' dir='ltr'>a</span> 
     </span>
     <span class='ocr_line' id='line_1_16' title="bbox 52 1943 1162 2012; baseline 0.009 -20"><span class='ocrx_word' id='word_1_115' title='bbox 52 1943 146 2012; x_wconf 75' lang='lat' dir='ltr'>Stygiis</span> <span class='ocrx_word' id='word_1_116' title='bbox 156 1955 216 1997; x_wconf 82' lang='lat' dir='ltr'>tert.</span> <span class='ocrx_word' id='word_1_117' title='bbox 232 1947 357 1998; x_wconf 83' lang='lat' dir='ltr'>Rottend.</span> <span class='ocrx_word' id='word_1_118' title='bbox 393 1949 506 1998; x_wconf 83' lang='lat' dir='ltr'>semisse</span> <span class='ocrx_word' id='word_1_119' title='bbox 527 1949 608 2012; x_wconf 89' lang='lat' dir='ltr'>Gud.‚</span> <span class='ocrx_word' id='word_1_120' title='bbox 633 1947 795 2000; x_wconf 82' lang='lat' dir='ltr'>adhaerente</span> <span class='ocrx_word' id='word_1_121' title='bbox 809 1967 866 2004; x_wconf 80' lang='lat' dir='ltr'>sex</span> <span class='ocrx_word' id='word_1_122' title='bbox 880 1957 964 2000; x_wconf 88' lang='lat' dir='ltr'>anteo.</span> <span class='ocrx_word' id='word_1_123' title='bbox 982 1963 1039 1998; x_wconf 86' lang='lat' dir='ltr'>voc.</span> <span class='ocrx_word' id='word_1_124' title='bbox 1110 1948 1162 2002; x_wconf 83' lang='lat'>652</span> 
     </span>
     <span class='ocr_line' id='line_1_17' title="bbox 53 2014 1162 2089; baseline 0.008 -30"><span class='ocrx_word' id='word_1_125' title='bbox 53 2014 148 2078; x_wconf 83' lang='lat' dir='ltr'>agitare</span> <span class='ocrx_word' id='word_1_126' title='bbox 170 2018 330 2084; x_wconf 83' lang='lat' dir='ltr'>Metumque</span> <span class='ocrx_word' id='word_1_127' title='bbox 356 2017 397 2068; x_wconf 90' lang='lat' dir='ltr'>ed.</span> <span class='ocrx_word' id='word_1_128' title='bbox 421 2018 487 2067; x_wconf 79' lang='lat' dir='ltr'>Van.</span> <span class='ocrx_word' id='word_1_129' title='bbox 522 2021 686 2089; x_wconf 76' lang='lat' dir='ltr'>agitansque</span> <span class='ocrx_word' id='word_1_130' title='bbox 704 2021 861 2089; x_wconf 82' lang='lat' dir='ltr'>Metumque</span> <span class='ocrx_word' id='word_1_131' title='bbox 882 2017 936 2068; x_wconf 81' lang='lat' dir='ltr'>Ert.</span> <span class='ocrx_word' id='word_1_132' title='bbox 1006 2015 1057 2070; x_wconf 80' lang='grc'>553</span> <span class='ocrx_word' id='word_1_133' title='bbox 1075 2018 1162 2086; x_wconf 80' lang='lat' dir='ltr'>Inque</span> 
     </span>
    </p>

    <p class='ocr_par' dir='ltr' id='par_1_7' title="bbox 8 2079 1161 2159">
     <span class='ocr_line' id='line_1_18' title="bbox 8 2079 1161 2159; baseline 0.008 -30"><span class='ocrx_word' id='word_1_134' title='bbox 8 2133 15 2144; x_wconf 68' lang='lat'>,.</span> <span class='ocrx_word' id='word_1_135' title='bbox 52 2079 111 2130; x_wconf 85' lang='lat' dir='ltr'>diem</span> <span class='ocrx_word' id='word_1_136' title='bbox 122 2083 186 2135; x_wconf 84' lang='lat' dir='ltr'>Ven.</span> <span class='ocrx_word' id='word_1_137' title='bbox 225 2083 307 2152; x_wconf 83' lang='lat' dir='ltr'>affert</span> <span class='ocrx_word' id='word_1_138' title='bbox 327 2085 453 2136; x_wconf 83' lang='lat' dir='ltr'>Rotteud.</span> <span class='ocrx_word' id='word_1_139' title='bbox 476 2084 520 2137; x_wconf 80' lang='lat' dir='ltr'>alt.</span> <span class='ocrx_word' id='word_1_140' title='bbox 589 2087 640 2141; x_wconf 78' lang='lat'>554</span> <span class='ocrx_word' id='word_1_141' title='bbox 658 2087 806 2159; x_wconf 80' lang='lat' dir='ltr'>mugitibus</span> <span class='ocrx_word' id='word_1_142' title='bbox 824 2106 872 2140; x_wconf 83' lang='lat' dir='ltr'>aer</span> <span class='ocrx_word' id='word_1_143' title='bbox 893 2085 1014 2140; x_wconf 76' lang='lat' dir='ltr'>Chaonio.</span> <span class='ocrx_word' id='word_1_144' title='bbox 1027 2085 1161 2138; x_wconf 84' lang='lat' dir='ltr'>Menconis</span> 
     </span>
    </p>

    <p class='ocr_par' dir='ltr' id='par_1_8' title="bbox 7 2151 1161 2227">
     <span class='ocr_line' id='line_1_19' title="bbox 7 2151 1161 2227; baseline 0.007 -28"><span class='ocrx_word' id='word_1_145' title='bbox 7 2152 13 2180; x_wconf 78' lang='lat'>³·</span> <span class='ocrx_word' id='word_1_146' title='bbox 50 2151 107 2216; x_wconf 82' lang='lat' dir='ltr'>apnd</span> <span class='ocrx_word' id='word_1_147' title='bbox 130 2153 269 2204; x_wconf 81' lang='lat' dir='ltr'>Burmann.</span> <span class='ocrx_word' id='word_1_148' title='bbox 304 2171 390 2205; x_wconf 84' lang='lat' dir='ltr'>ouras</span> <span class='ocrx_word' id='word_1_149' title='bbox 412 2154 520 2207; x_wconf 86' lang='lat' dir='ltr'>Vratisl.</span> <span class='ocrx_word' id='word_1_150' title='bbox 589 2157 641 2210; x_wconf 90' lang='grc'>555</span> <span class='ocrx_word' id='word_1_151' title='bbox 660 2159 865 2227; x_wconf 83' lang='lat' dir='ltr'>Horrentesque</span> <span class='ocrx_word' id='word_1_152' title='bbox 879 2159 1025 2220; x_wconf 80' lang='lat' dir='ltr'>Romanae,</span> <span class='ocrx_word' id='word_1_153' title='bbox 1048 2156 1161 2207; x_wconf 83' lang='lat' dir='ltr'>necmi-</span> 
     </span>
    </p>

    <p class='ocr_par' dir='ltr' id='par_1_9' title="bbox 7 2221 1161 2295">
     <span class='ocr_line' id='line_1_20' title="bbox 7 2221 1161 2295; baseline 0.009 -29"><span class='ocrx_word' id='word_1_154' title='bbox 7 2241 8 2250; x_wconf 41' lang='lat' dir='ltr'>r</span> <span class='ocrx_word' id='word_1_155' title='bbox 49 2233 88 2268; x_wconf 86' lang='lat' dir='ltr'>nos</span> <span class='ocrx_word' id='word_1_156' title='bbox 105 2221 178 2274; x_wconf 85' lang='lat' dir='ltr'>bene.</span> <span class='ocrx_word' id='word_1_157' title='bbox 222 2225 289 2274; x_wconf 90' lang='lat' dir='ltr'>Nam</span> <span class='ocrx_word' id='word_1_158' title='bbox 308 2223 443 2290; x_wconf 78' lang='lat' dir='ltr'>pestilenti</span> <span class='ocrx_word' id='word_1_159' title='bbox 469 2241 538 2276; x_wconf 87' lang='lat' dir='ltr'>anno</span> <span class='ocrx_word' id='word_1_160' title='bbox 560 2227 646 2277; x_wconf 87' lang='lat' dir='ltr'>omnin</span> <span class='ocrx_word' id='word_1_161' title='bbox 666 2226 736 2294; x_wconf 81' lang='lat' dir='ltr'>apud</span> <span class='ocrx_word' id='word_1_162' title='bbox 756 2239 847 2295; x_wconf 85' lang='lat' dir='ltr'>poetas</span> <span class='ocrx_word' id='word_1_163' title='bbox 869 2227 997 2290; x_wconf 83' lang='lat' dir='ltr'>horreat,</span> <span class='ocrx_word' id='word_1_164' title='bbox 1024 2226 1161 2295; x_wconf 81' lang='lat' dir='ltr'>squaleret,</span> 
     </span>
    </p>

    <p class='ocr_par' dir='ltr' id='par_1_10' title="bbox 7 2287 1162 2427">
     <span class='ocr_line' id='line_1_21' title="bbox 7 2287 1161 2364; baseline 0.007 -28"><span class='ocrx_word' id='word_1_165' title='bbox 7 2289 14 2318; x_wconf 76' lang='lat'>2&#39;</span> <span class='ocrx_word' id='word_1_166' title='bbox 50 2287 96 2338; x_wconf 83' lang='lat' dir='ltr'>teil.</span> <span class='ocrx_word' id='word_1_167' title='bbox 108 2291 182 2353; x_wconf 88' lang='lat' dir='ltr'>tabe,</span> <span class='ocrx_word' id='word_1_168' title='bbox 200 2291 301 2342; x_wconf 84' lang='lat' dir='ltr'>illuvie.</span> <span class='ocrx_word' id='word_1_169' title='bbox 327 2293 365 2360; x_wconf 84' lang='lat' dir='ltr'>(et</span> <span class='ocrx_word' id='word_1_170' title='bbox 376 2294 494 2360; x_wconf 84' lang='lat' dir='ltr'>praefert</span> <span class='ocrx_word' id='word_1_171' title='bbox 508 2295 654 2346; x_wconf 71' lang='lat' dir='ltr'>horrentes</span> <span class='ocrx_word' id='word_1_172' title='bbox 665 2295 786 2347; x_wconf 87' lang='lat' dir='ltr'>Nobbius</span> <span class='ocrx_word' id='word_1_173' title='bbox 798 2301 930 2364; x_wconf 78' lang='lat' dir='ltr'>syntagm.</span> <span class='ocrx_word' id='word_1_174' title='bbox 944 2294 1026 2346; x_wconf 84' lang='lat' dir='ltr'>locor.</span> <span class='ocrx_word' id='word_1_175' title='bbox 1042 2294 1161 2362; x_wconf 84' lang='lat' dir='ltr'>parallel.</span> 
     </span>
     <span class='ocr_line' id='line_1_22' title="bbox 49 2361 1162 2427; baseline 0.004 -17"><span class='ocrx_word' id='word_1_176' title='bbox 49 2373 69 2422; x_wconf 82' lang='lat' dir='ltr'>p.</span> <span class='ocrx_word' id='word_1_177' title='bbox 81 2361 135 2414; x_wconf 88' lang='grc'><strong><em>105.</em></strong></span> <span class='ocrx_word' id='word_1_178' title='bbox 155 2361 229 2426; x_wconf 84' lang='lat' dir='ltr'>Wr.)</span> <span class='ocrx_word' id='word_1_179' title='bbox 264 2361 317 2412; x_wconf 84' lang='lat' dir='ltr'>Sed</span> <span class='ocrx_word' id='word_1_180' title='bbox 333 2372 373 2413; x_wconf 88' lang='lat' dir='ltr'>est</span> <span class='ocrx_word' id='word_1_181' title='bbox 389 2379 419 2413; x_wconf 85' lang='lat' dir='ltr'>ea</span> <span class='ocrx_word' id='word_1_182' title='bbox 432 2363 558 2414; x_wconf 87' lang='lat' dir='ltr'>sollennis</span> <span class='ocrx_word' id='word_1_183' title='bbox 574 2365 701 2424; x_wconf 85' lang='lat' dir='ltr'>varietas,</span> <span class='ocrx_word' id='word_1_184' title='bbox 726 2374 753 2414; x_wconf 92' lang='lat' dir='ltr'>et</span> <span class='ocrx_word' id='word_1_185' title='bbox 770 2383 849 2416; x_wconf 83' lang='lat' dir='ltr'>orere</span> <span class='ocrx_word' id='word_1_186' title='bbox 862 2381 916 2414; x_wconf 89' lang='lat' dir='ltr'>non</span> <span class='ocrx_word' id='word_1_187' title='bbox 930 2363 1015 2414; x_wconf 84' lang='lat' dir='ltr'>minus</span> <span class='ocrx_word' id='word_1_188' title='bbox 1029 2363 1162 2427; x_wconf 87' lang='lat' dir='ltr'>idoneum,</span> 
     </span>
    </p>

    <p class='ocr_par' dir='ltr' id='par_1_11' title="bbox 7 2431 1160 2500">
     <span class='ocr_line' id='line_1_23' title="bbox 7 2431 1160 2500; baseline 0.004 -23"><span class='ocrx_word' id='word_1_189' title='bbox 7 2433 11 2458; x_wconf 84' lang='lat'>&#39;·</span> <span class='ocrx_word' id='word_1_190' title='bbox 49 2443 95 2476; x_wconf 80' lang='lat' dir='ltr'>eam</span> <span class='ocrx_word' id='word_1_191' title='bbox 108 2442 190 2482; x_wconf 81' lang='lat' dir='ltr'>aestus</span> <span class='ocrx_word' id='word_1_192' title='bbox 203 2431 291 2482; x_wconf 88' lang='lat' dir='ltr'>morbi</span> <span class='ocrx_word' id='word_1_193' title='bbox 305 2449 393 2484; x_wconf 84' lang='lat' dir='ltr'>caussa</span> <span class='ocrx_word' id='word_1_194' title='bbox 410 2433 459 2484; x_wconf 85' lang='lat' dir='ltr'>ait:</span> <span class='ocrx_word' id='word_1_195' title='bbox 485 2449 543 2500; x_wconf 82' lang='lat' dir='ltr'>sap.</span> <span class='ocrx_word' id='word_1_196' title='bbox 555 2431 616 2486; x_wconf 82' lang='lat'>478.</span> <span class='ocrx_word' id='word_1_197' title='bbox 642 2433 922 2496; x_wconf 74' lang='lat' dir='ltr'>eont.hen.111,142.</span> <span class='ocrx_word' id='word_1_198' title='bbox 958 2432 1094 2500; x_wconf 83' lang='lat' dir='ltr'>callesque</span> <span class='ocrx_word' id='word_1_199' title='bbox 1109 2450 1160 2482; x_wconf 80' lang='lat' dir='ltr'>sre-</span> 
     </span>
    </p>

    <p class='ocr_par' dir='ltr' id='par_1_12' title="bbox 7 2498 1161 2644">
     <span class='ocr_line' id='line_1_24' title="bbox 7 2498 1161 2570; baseline 0.002 -23"><span class='ocrx_word' id='word_1_200' title='bbox 7 2503 9 2528; x_wconf 73' lang='lat'>³</span> <span class='ocrx_word' id='word_1_201' title='bbox 45 2501 116 2564; x_wconf 76' lang='lat' dir='ltr'>perri</span> <span class='ocrx_word' id='word_1_202' title='bbox 137 2517 177 2568; x_wconf 91' lang='lat' dir='ltr'>pr.</span> <span class='ocrx_word' id='word_1_203' title='bbox 198 2502 297 2552; x_wconf 86' lang='lat' dir='ltr'>Moret.</span> <span class='ocrx_word' id='word_1_204' title='bbox 331 2501 428 2552; x_wconf 84' lang='lat' dir='ltr'>Eadem</span> <span class='ocrx_word' id='word_1_205' title='bbox 446 2501 558 2552; x_wconf 74' lang='lat' dir='ltr'>variema</span> <span class='ocrx_word' id='word_1_206' title='bbox 582 2503 679 2569; x_wconf 86' lang='lat' dir='ltr'>Georg.</span> <span class='ocrx_word' id='word_1_207' title='bbox 701 2503 739 2566; x_wconf 90' lang='lat'>11,</span> <span class='ocrx_word' id='word_1_208' title='bbox 762 2503 824 2556; x_wconf 82' lang='lat'>276.</span> <span class='ocrx_word' id='word_1_209' title='bbox 900 2498 952 2554; x_wconf 88' lang='grc'>556</span> <span class='ocrx_word' id='word_1_210' title='bbox 970 2512 1091 2570; x_wconf 83' lang='lat' dir='ltr'>stragem</span> <span class='ocrx_word' id='word_1_211' title='bbox 1111 2500 1161 2550; x_wconf 84' lang='lat' dir='ltr'>dat</span> 
     </span>
     <span class='ocr_line' id='line_1_25' title="bbox 47 2565 555 2644; baseline 0.008 -26"><span class='ocrx_word' id='word_1_212' title='bbox 47 2565 115 2618; x_wconf 80' lang='lat' dir='ltr'>Goth.</span> <span class='ocrx_word' id='word_1_213' title='bbox 132 2587 172 2637; x_wconf 88' lang='lat' dir='ltr'>pr.</span> <span class='ocrx_word' id='word_1_214' title='bbox 209 2583 348 2644; x_wconf 79' lang='lat' dir='ltr'>aggregat</span> <span class='ocrx_word' id='word_1_215' title='bbox 361 2571 427 2640; x_wconf 83' lang='lat' dir='ltr'>Reg.</span> <span class='ocrx_word' id='word_1_216' title='bbox 440 2570 555 2623; x_wconf 85' lang='lat' dir='ltr'>Martini.</span> 
     </span>
    </p>
   </div>
   <div class='ocr_carea' id='block_1_4' title="bbox 7 2740 1161 4534">
    <p class='ocr_par' dir='ltr' id='par_1_13' title="bbox 7 2740 1161 3076">
     <span class='ocr_line' id='line_1_26' title="bbox 80 2740 1160 2826; baseline -0.007 -21"><span class='ocrx_word' id='word_1_217' title='bbox 80 2741 150 2806; x_wconf 81' lang='grc'><strong><em>549.</em></strong></span> <span class='ocrx_word' id='word_1_218' title='bbox 177 2744 397 2824; x_wconf 83' lang='lat' dir='ltr'>Quaesitaeque</span> <span class='ocrx_word' id='word_1_219' title='bbox 410 2757 577 2804; x_wconf 82' lang='lat' dir='ltr'>nocenter-</span> <span class='ocrx_word' id='word_1_220' title='bbox 620 2745 719 2826; x_wconf 89' lang='lat' dir='ltr'>Intpp.</span> <span class='ocrx_word' id='word_1_221' title='bbox 763 2746 805 2803; x_wconf 87' lang='lat' dir='ltr'>Et</span> <span class='ocrx_word' id='word_1_222' title='bbox 824 2745 948 2824; x_wconf 79' lang='lat' dir='ltr'>pallida</span> <span class='ocrx_word' id='word_1_223' title='bbox 967 2740 1160 2818; x_wconf 56' lang='lat' dir='ltr'>methonae</span> 
     </span>
     <span class='ocr_line' id='line_1_27' title="bbox 7 2825 1160 2910; baseline -0.003 -23"><span class='ocrx_word' id='word_1_224' title='bbox 7 2883 9 2900; x_wconf 36' lang='lat'>³</span> <span class='ocrx_word' id='word_1_225' title='bbox 44 2835 90 2898; x_wconf 77' lang='lat' dir='ltr'>let,</span> <span class='ocrx_word' id='word_1_226' title='bbox 107 2837 212 2904; x_wconf 82' lang='lat' dir='ltr'>parata</span> <span class='ocrx_word' id='word_1_227' title='bbox 229 2829 370 2890; x_wconf 84' lang='lat' dir='ltr'>remedia.</span> <span class='ocrx_word' id='word_1_228' title='bbox 387 2851 493 2890; x_wconf 81' lang='lat' dir='ltr'>cessere</span> <span class='ocrx_word' id='word_1_229' title='bbox 507 2853 577 2890; x_wconf 87' lang='lat' dir='ltr'>ma-</span> <span class='ocrx_word' id='word_1_230' title='bbox 621 2832 733 2910; x_wconf 70' lang='lat' dir='ltr'>Stygiis</span> <span class='ocrx_word' id='word_1_231' title='bbox 747 2829 870 2890; x_wconf 77' lang='lat' dir='ltr'>tenebris</span> <span class='ocrx_word' id='word_1_232' title='bbox 891 2829 1033 2888; x_wconf 77' lang='lat' dir='ltr'>indecem</span> <span class='ocrx_word' id='word_1_233' title='bbox 1047 2825 1160 2885; x_wconf 86' lang='lat' dir='ltr'>emitti-</span> 
     </span>
     <span class='ocr_line' id='line_1_28' title="bbox 7 2911 1159 2997; baseline 0 -28"><span class='ocrx_word' id='word_1_234' title='bbox 7 2983 9 2990; x_wconf 17' lang='grc' dir='ltr'><strong><em>Α</em></strong></span> <span class='ocrx_word' id='word_1_235' title='bbox 40 2913 139 2988; x_wconf 76' lang='lat' dir='ltr'>gistri,</span> <span class='ocrx_word' id='word_1_236' title='bbox 165 2914 278 2974; x_wconf 85' lang='lat' dir='ltr'>aedunt</span> <span class='ocrx_word' id='word_1_237' title='bbox 291 2916 398 2975; x_wconf 89' lang='lat' dir='ltr'>morbo</span> <span class='ocrx_word' id='word_1_238' title='bbox 412 2913 579 2997; x_wconf 78' lang='lat' dir='ltr'>(mmsabot</span> <span class='ocrx_word' id='word_1_239' title='bbox 620 2925 692 2991; x_wconf 86' lang='lat' dir='ltr'>tur,</span> <span class='ocrx_word' id='word_1_240' title='bbox 728 2924 805 2992; x_wconf 87' lang='lat' dir='ltr'>aut,</span> <span class='ocrx_word' id='word_1_241' title='bbox 841 2915 923 2994; x_wconf 90' lang='lat' dir='ltr'>quod</span> <span class='ocrx_word' id='word_1_242' title='bbox 948 2911 1069 2992; x_wconf 83' lang='lat' dir='ltr'>gravius</span> <span class='ocrx_word' id='word_1_243' title='bbox 1098 2919 1159 2988; x_wconf 85' lang='lat' dir='ltr'>est,</span> 
     </span>
     <span class='ocr_line' id='line_1_29' title="bbox 7 2999 1161 3076; baseline 0.001 -24"><span class='ocrx_word' id='word_1_244' title='bbox 7 3049 8 3076; x_wconf 62' lang='lat'>,</span> <span class='ocrx_word' id='word_1_245' title='bbox 42 2999 125 3055; x_wconf 73' lang='lat' dir='ltr'>racto</span> <span class='ocrx_word' id='word_1_246' title='bbox 150 3001 303 3059; x_wconf 63' lang='lat' dir='ltr'>redama</span> <span class='ocrx_word' id='word_1_247' title='bbox 330 3005 432 3060; x_wconf 84' lang='lat' dir='ltr'>tr‘mare</span> <span class='ocrx_word' id='word_1_248' title='bbox 461 3003 577 3062; x_wconf 86' lang='lat' dir='ltr'>Lucret.</span> <span class='ocrx_word' id='word_1_249' title='bbox 620 3005 729 3060; x_wconf 80' lang='lat' dir='ltr'>emissa</span> <span class='ocrx_word' id='word_1_250' title='bbox 753 3005 867 3074; x_wconf 75' lang='lat' dir='ltr'>saevit,</span> <span class='ocrx_word' id='word_1_251' title='bbox 905 3009 936 3059; x_wconf 89' lang='lat' dir='ltr'>et</span> <span class='ocrx_word' id='word_1_252' title='bbox 956 3011 1073 3057; x_wconf 82' lang='lat' dir='ltr'>antaee</span> <span class='ocrx_word' id='word_1_253' title='bbox 1093 3000 1161 3076; x_wconf 79' lang='lat' dir='ltr'>agit</span> 
     </span>
    </p>

    <p class='ocr_par' dir='ltr' id='par_1_14' title="bbox 34 3078 1161 4275">
     <span class='ocr_line' id='line_1_30' title="bbox 42 3078 1160 3168; baseline -0.005 -23"><span class='ocrx_word' id='word_1_254' title='bbox 42 3078 86 3156; x_wconf 88' lang='lat' dir='ltr'>Vl,</span> <span class='ocrx_word' id='word_1_255' title='bbox 106 3079 215 3168; x_wconf 84' lang='lat'>1177),</span> <span class='ocrx_word' id='word_1_256' title='bbox 238 3087 419 3161; x_wconf 68' lang='lat' dir='ltr'>ducuntur,</span> <span class='ocrx_word' id='word_1_257' title='bbox 443 3097 537 3146; x_wconf 87' lang='lat' dir='ltr'>artem</span> <span class='ocrx_word' id='word_1_258' title='bbox 552 3088 578 3146; x_wconf 90' lang='lat' dir='ltr'>ei</span> <span class='ocrx_word' id='word_1_259' title='bbox 624 3086 744 3146; x_wconf 84' lang='lat' dir='ltr'>Morbos</span> <span class='ocrx_word' id='word_1_260' title='bbox 758 3107 795 3146; x_wconf 83' lang='lat' dir='ltr'>aa</span> <span class='ocrx_word' id='word_1_261' title='bbox 810 3091 931 3162; x_wconf 81' lang='lat' dir='ltr'>Metus,</span> <span class='ocrx_word' id='word_1_262' title='bbox 964 3093 993 3144; x_wconf 87' lang='lat' dir='ltr'>et</span> <span class='ocrx_word' id='word_1_263' title='bbox 1010 3101 1094 3142; x_wconf 84' lang='lat' dir='ltr'>more</span> <span class='ocrx_word' id='word_1_264' title='bbox 1107 3101 1160 3140; x_wconf 89' lang='lat' dir='ltr'>eo-</span> 
     </span>
     <span class='ocr_line' id='line_1_31' title="bbox 40 3168 1161 3251; baseline 0 -25"><span class='ocrx_word' id='word_1_265' title='bbox 40 3187 118 3226; x_wconf 81' lang='lat' dir='ltr'>suam</span> <span class='ocrx_word' id='word_1_266' title='bbox 136 3169 286 3250; x_wconf 85' lang='lat' dir='ltr'>imparem</span> <span class='ocrx_word' id='word_1_267' title='bbox 312 3192 374 3248; x_wconf 78' lang='lat' dir='ltr'>esse</span> <span class='ocrx_word' id='word_1_268' title='bbox 393 3171 498 3232; x_wconf 87' lang='lat' dir='ltr'>vident</span> <span class='ocrx_word' id='word_1_269' title='bbox 517 3193 582 3232; x_wconf 90' lang='lat' dir='ltr'>me·</span> <span class='ocrx_word' id='word_1_270' title='bbox 622 3189 692 3231; x_wconf 85' lang='lat' dir='ltr'>rum</span> <span class='ocrx_word' id='word_1_271' title='bbox 707 3171 851 3248; x_wconf 89' lang='lat' dir='ltr'>deorum,</span> <span class='ocrx_word' id='word_1_272' title='bbox 873 3172 925 3251; x_wconf 89' lang='lat' dir='ltr'>qui</span> <span class='ocrx_word' id='word_1_273' title='bbox 934 3169 1105 3230; x_wconf 88' lang='lat' dir='ltr'>hominibus</span> <span class='ocrx_word' id='word_1_274' title='bbox 1119 3168 1161 3226; x_wconf 88' lang='lat' dir='ltr'>si-</span> 
     </span>
     <span class='ocr_line' id='line_1_32' title="bbox 41 3249 1160 3336; baseline 0.003 -27"><span class='ocrx_word' id='word_1_275' title='bbox 41 3249 113 3327; x_wconf 89' lang='lat' dir='ltr'>dici,</span> <span class='ocrx_word' id='word_1_276' title='bbox 136 3265 168 3314; x_wconf 86' lang='lat' dir='ltr'>et</span> <span class='ocrx_word' id='word_1_277' title='bbox 183 3257 307 3335; x_wconf 89' lang='lat' dir='ltr'>quidem</span> <span class='ocrx_word' id='word_1_278' title='bbox 318 3262 580 3336; x_wconf 71' lang='lat' dir='ltr'>praestanttreirrri,</span> <span class='ocrx_word' id='word_1_279' title='bbox 621 3277 660 3318; x_wconf 83' lang='lat' dir='ltr'>ve</span> <span class='ocrx_word' id='word_1_280' title='bbox 678 3266 802 3336; x_wconf 84' lang='lat' dir='ltr'>augusta</span> <span class='ocrx_word' id='word_1_281' title='bbox 825 3258 887 3318; x_wconf 85' lang='lat' dir='ltr'>aive</span> <span class='ocrx_word' id='word_1_282' title='bbox 918 3254 1044 3318; x_wconf 85' lang='lat' dir='ltr'>terribili</span> <span class='ocrx_word' id='word_1_283' title='bbox 1065 3256 1160 3313; x_wconf 80' lang='lat' dir='ltr'>forma</span> 
     </span>
     <span class='ocr_line' id='line_1_33' title="bbox 39 3341 1161 3423; baseline 0.002 -27"><span class='ocrx_word' id='word_1_284' title='bbox 39 3357 108 3414; x_wconf 90' lang='lat' dir='ltr'>quos</span> <span class='ocrx_word' id='word_1_285' title='bbox 123 3342 298 3404; x_wconf 82' lang='lat' dir='ltr'>nominibus</span> <span class='ocrx_word' id='word_1_286' title='bbox 310 3342 477 3402; x_wconf 79' lang='lat' dir='ltr'>clarissimis</span> <span class='ocrx_word' id='word_1_287' title='bbox 488 3363 580 3403; x_wconf 87' lang='lat' dir='ltr'>exor-</span> <span class='ocrx_word' id='word_1_288' title='bbox 622 3344 823 3423; x_wconf 78' lang='lat' dir='ltr'>apparebant,</span> <span class='ocrx_word' id='word_1_289' title='bbox 842 3343 882 3402; x_wconf 85' lang='lat' dir='ltr'>fit</span> <span class='ocrx_word' id='word_1_290' title='bbox 895 3343 991 3402; x_wconf 81' lang='lat' dir='ltr'>maior</span> <span class='ocrx_word' id='word_1_291' title='bbox 1005 3341 1161 3418; x_wconf 81' lang='lat' dir='ltr'>maiorque</span> 
     </span>
     <span class='ocr_line' id='line_1_34' title="bbox 39 3423 1159 3512; baseline 0.003 -32"><span class='ocrx_word' id='word_1_292' title='bbox 39 3435 89 3482; x_wconf 88' lang='lat' dir='ltr'>nat</span> <span class='ocrx_word' id='word_1_293' title='bbox 105 3425 256 3502; x_wconf 74' lang='grc' dir='ltr'><em>ΟΙιίωηὶε,</em></span> <span class='ocrx_word' id='word_1_294' title='bbox 278 3427 429 3508; x_wconf 85' lang='lat' dir='ltr'>ePhilyra</span> <span class='ocrx_word' id='word_1_295' title='bbox 440 3429 580 3509; x_wconf 87' lang='lat' dir='ltr'>Nympha</span> <span class='ocrx_word' id='word_1_296' title='bbox 622 3425 704 3512; x_wconf 82' lang='lat' dir='ltr'>(vid.</span> <span class='ocrx_word' id='word_1_297' title='bbox 727 3430 760 3488; x_wconf 89' lang='lat' dir='ltr'>in</span> <span class='ocrx_word' id='word_1_298' title='bbox 780 3430 852 3489; x_wconf 72' lang='lat' dir='ltr'>ttae.</span> <span class='ocrx_word' id='word_1_299' title='bbox 872 3427 943 3487; x_wconf 84' lang='lat' dir='ltr'>XIII</span> <span class='ocrx_word' id='word_1_300' title='bbox 961 3426 1000 3486; x_wconf 88' lang='lat' dir='ltr'>ad</span> <span class='ocrx_word' id='word_1_301' title='bbox 1021 3427 1093 3486; x_wconf 80' lang='lat' dir='ltr'>Aen.</span> <span class='ocrx_word' id='word_1_302' title='bbox 1111 3423 1159 3504; x_wconf 88' lang='lat' dir='ltr'>l),</span> 
     </span>
     <span class='ocr_line' id='line_1_35' title="bbox 37 3511 1160 3594; baseline 0.002 -28"><span class='ocrx_word' id='word_1_303' title='bbox 37 3517 64 3566; x_wconf 86' lang='lat' dir='ltr'>et</span> <span class='ocrx_word' id='word_1_304' title='bbox 82 3513 235 3588; x_wconf 87' lang='lat' dir='ltr'>Saturno,</span> <span class='ocrx_word' id='word_1_305' title='bbox 259 3524 290 3574; x_wconf 86' lang='lat' dir='ltr'>et</span> <span class='ocrx_word' id='word_1_306' title='bbox 303 3515 521 3593; x_wconf 83' lang='lat' dir='ltr'>Melampodis,</span> <span class='ocrx_word' id='word_1_307' title='bbox 541 3535 579 3574; x_wconf 86' lang='lat' dir='ltr'>ex</span> <span class='ocrx_word' id='word_1_308' title='bbox 621 3517 775 3594; x_wconf 83' lang='lat' dir='ltr'>surgitque</span> <span class='ocrx_word' id='word_1_309' title='bbox 801 3515 876 3574; x_wconf 82' lang='lat' dir='ltr'>adeo</span> <span class='ocrx_word' id='word_1_310' title='bbox 903 3523 933 3572; x_wconf 86' lang='lat' dir='ltr'>et</span> <span class='ocrx_word' id='word_1_311' title='bbox 954 3511 1038 3594; x_wconf 82' lang='lat' dir='ltr'>effert</span> <span class='ocrx_word' id='word_1_312' title='bbox 1069 3521 1160 3587; x_wconf 80' lang='lat' dir='ltr'>eaput</span> 
     </span>
     <span class='ocr_line' id='line_1_36' title="bbox 37 3593 1160 3678; baseline 0 -25"><span class='ocrx_word' id='word_1_313' title='bbox 37 3593 235 3675; x_wconf 72' lang='lat' dir='ltr'>Amythaone,</span> <span class='ocrx_word' id='word_1_314' title='bbox 249 3598 372 3658; x_wconf 76' lang='lat' dir='ltr'>Aesonis</span> <span class='ocrx_word' id='word_1_315' title='bbox 385 3601 489 3676; x_wconf 84' lang='lat' dir='ltr'>fratre,</span> <span class='ocrx_word' id='word_1_316' title='bbox 505 3601 578 3677; x_wconf 89' lang='lat' dir='ltr'>nati,</span> <span class='ocrx_word' id='word_1_317' title='bbox 621 3601 764 3676; x_wconf 67' lang='lat' dir='ltr'>aradum,</span> <span class='ocrx_word' id='word_1_318' title='bbox 801 3601 870 3678; x_wconf 84' lang='lat' dir='ltr'>quia</span> <span class='ocrx_word' id='word_1_319' title='bbox 894 3600 958 3678; x_wconf 86' lang='lat' dir='ltr'>ipsa</span> <span class='ocrx_word' id='word_1_320' title='bbox 985 3606 1031 3656; x_wconf 84' lang='lat' dir='ltr'>eet</span> <span class='ocrx_word' id='word_1_321' title='bbox 1055 3595 1160 3654; x_wconf 85' lang='lat' dir='ltr'>mortis</span> 
     </span>
     <span class='ocr_line' id='line_1_37' title="bbox 36 3681 1160 3765; baseline -0.003 -25"><span class='ocrx_word' id='word_1_322' title='bbox 36 3699 164 3758; x_wconf 88' lang='lat' dir='ltr'>quorum</span> <span class='ocrx_word' id='word_1_323' title='bbox 187 3683 239 3744; x_wconf 89' lang='lat' dir='ltr'>hic</span> <span class='ocrx_word' id='word_1_324' title='bbox 260 3685 380 3762; x_wconf 89' lang='lat' dir='ltr'>quidem</span> <span class='ocrx_word' id='word_1_325' title='bbox 400 3685 532 3765; x_wconf 80' lang='lat' dir='ltr'>augruiia</span> <span class='ocrx_word' id='word_1_326' title='bbox 550 3694 580 3745; x_wconf 91' lang='lat' dir='ltr'>et</span> <span class='ocrx_word' id='word_1_327' title='bbox 622 3685 724 3762; x_wconf 83' lang='lat' dir='ltr'>avida,</span> <span class='ocrx_word' id='word_1_328' title='bbox 746 3687 841 3744; x_wconf 70' lang='lat' dir='ltr'>andrea</span> <span class='ocrx_word' id='word_1_329' title='bbox 858 3685 960 3743; x_wconf 71' lang='lat' dir='ltr'>altius</span> <span class='ocrx_word' id='word_1_330' title='bbox 974 3713 1018 3728; x_wconf 93' lang='lat'>—·</span> <span class='ocrx_word' id='word_1_331' title='bbox 1044 3681 1160 3740; x_wconf 87' lang='lat' dir='ltr'>Interea</span> 
     </span>
     <span class='ocr_line' id='line_1_38' title="bbox 35 3770 1161 3851; baseline -0.002 -24"><span class='ocrx_word' id='word_1_332' title='bbox 35 3775 211 3851; x_wconf 78' lang='grc' dir='ltr'><strong><em>καθαρμοῖς</em></strong></span> <span class='ocrx_word' id='word_1_333' title='bbox 222 3770 351 3832; x_wconf 83' lang='lat' dir='ltr'>maxime</span> <span class='ocrx_word' id='word_1_334' title='bbox 361 3771 486 3830; x_wconf 86' lang='lat' dir='ltr'>illustris</span> <span class='ocrx_word' id='word_1_335' title='bbox 498 3772 580 3851; x_wconf 89' lang='lat' dir='ltr'>apud</span> <span class='ocrx_word' id='word_1_336' title='bbox 621 3771 754 3850; x_wconf 86' lang='lat' dir='ltr'>undique</span> <span class='ocrx_word' id='word_1_337' title='bbox 774 3772 853 3830; x_wconf 86' lang='lat' dir='ltr'>circa</span> <span class='ocrx_word' id='word_1_338' title='bbox 869 3770 964 3848; x_wconf 88' lang='lat' dir='ltr'>ipsam</span> <span class='ocrx_word' id='word_1_339' title='bbox 981 3775 1117 3826; x_wconf 87' lang='lat' dir='ltr'>armenta</span> <span class='ocrx_word' id='word_1_340' title='bbox 1131 3774 1161 3824; x_wconf 89' lang='lat' dir='ltr'>et</span> 
     </span>
     <span class='ocr_line' id='line_1_39' title="bbox 34 3852 1159 3936; baseline -0.002 -24"><span class='ocrx_word' id='word_1_341' title='bbox 34 3863 153 3930; x_wconf 84' lang='lat' dir='ltr'>poetas,</span> <span class='ocrx_word' id='word_1_342' title='bbox 177 3857 255 3915; x_wconf 87' lang='lat' dir='ltr'>altar</span> <span class='ocrx_word' id='word_1_343' title='bbox 268 3875 342 3915; x_wconf 86' lang='lat' dir='ltr'>vero</span> <span class='ocrx_word' id='word_1_344' title='bbox 360 3855 468 3917; x_wconf 84' lang='lat' dir='ltr'>herbis.</span> <span class='ocrx_word' id='word_1_345' title='bbox 503 3857 580 3918; x_wconf 89' lang='lat' dir='ltr'>Nam</span> <span class='ocrx_word' id='word_1_346' title='bbox 621 3875 721 3936; x_wconf 84' lang='lat' dir='ltr'>greges</span> <span class='ocrx_word' id='word_1_347' title='bbox 736 3863 902 3936; x_wconf 57' lang='lat' dir='ltr'>seponat,</span> <span class='ocrx_word' id='word_1_348' title='bbox 925 3874 998 3914; x_wconf 85' lang='lat' dir='ltr'>mox</span> <span class='ocrx_word' id='word_1_349' title='bbox 1015 3852 1073 3912; x_wconf 88' lang='lat' dir='ltr'>toti</span> <span class='ocrx_word' id='word_1_350' title='bbox 1090 3871 1159 3935; x_wconf 87' lang='lat' dir='ltr'>gre-</span> 
     </span>
     <span class='ocr_line' id='line_1_40' title="bbox 34 3935 1161 4022; baseline 0.007 -27"><span class='ocrx_word' id='word_1_351' title='bbox 34 3935 91 3998; x_wconf 87' lang='lat' dir='ltr'>hoc</span> <span class='ocrx_word' id='word_1_352' title='bbox 117 3941 254 4001; x_wconf 80' lang='lat' dir='ltr'>Martino</span> <span class='ocrx_word' id='word_1_353' title='bbox 273 3941 304 4000; x_wconf 91' lang='lat' dir='ltr'>in</span> <span class='ocrx_word' id='word_1_354' title='bbox 326 3951 457 4002; x_wconf 87' lang='lat' dir='ltr'>mentem</span> <span class='ocrx_word' id='word_1_355' title='bbox 476 3943 580 4002; x_wconf 85' lang='lat' dir='ltr'>venire</span> <span class='ocrx_word' id='word_1_356' title='bbox 620 3959 669 4020; x_wconf 85' lang='lat' dir='ltr'>ges</span> <span class='ocrx_word' id='word_1_357' title='bbox 701 3951 830 4022; x_wconf 86' lang='lat' dir='ltr'>pereunt</span> <span class='ocrx_word' id='word_1_358' title='bbox 860 3939 923 4006; x_wconf 79' lang='lat'>554</span> <span class='ocrx_word' id='word_1_359' title='bbox 940 3971 984 3986; x_wconf 90' lang='lat'><em>-</em></span> <span class='ocrx_word' id='word_1_360' title='bbox 1007 3939 1093 4016; x_wconf 83' lang='lat'><strong>557;</strong></span> <span class='ocrx_word' id='word_1_361' title='bbox 1128 3947 1161 3996; x_wconf 72' lang='lat' dir='ltr'>et</span> 
     </span>
     <span class='ocr_line' id='line_1_41' title="bbox 35 4023 1157 4109; baseline 0.001 -29"><span class='ocrx_word' id='word_1_362' title='bbox 35 4043 94 4082; x_wconf 88' lang='lat' dir='ltr'>non</span> <span class='ocrx_word' id='word_1_363' title='bbox 106 4025 256 4102; x_wconf 86' lang='lat' dir='ltr'>debebat,</span> <span class='ocrx_word' id='word_1_364' title='bbox 286 4037 322 4086; x_wconf 88' lang='lat' dir='ltr'>ut</span> <span class='ocrx_word' id='word_1_365' title='bbox 336 4025 415 4086; x_wconf 88' lang='lat' dir='ltr'>bana</span> <span class='ocrx_word' id='word_1_366' title='bbox 428 4028 580 4088; x_wconf 81' lang='lat' dir='ltr'>narratio-</span> <span class='ocrx_word' id='word_1_367' title='bbox 622 4037 736 4106; x_wconf 89' lang='lat' dir='ltr'>quanto</span> <span class='ocrx_word' id='word_1_368' title='bbox 763 4025 883 4086; x_wconf 82' lang='lat' dir='ltr'>feralius</span> <span class='ocrx_word' id='word_1_369' title='bbox 914 4024 979 4109; x_wconf 86' lang='lat' dir='ltr'>ipsa</span> <span class='ocrx_word' id='word_1_370' title='bbox 1007 4024 1063 4082; x_wconf 82' lang='lat' dir='ltr'>dee</span> <span class='ocrx_word' id='word_1_371' title='bbox 1091 4023 1157 4099; x_wconf 88' lang='lat' dir='ltr'>dat,</span> 
     </span>
     <span class='ocr_line' id='line_1_42' title="bbox 34 4109 1160 4193; baseline 0.004 -28"><span class='ocrx_word' id='word_1_372' title='bbox 34 4128 101 4170; x_wconf 86' lang='lat' dir='ltr'>nem</span> <span class='ocrx_word' id='word_1_373' title='bbox 122 4111 165 4171; x_wconf 90' lang='lat' dir='ltr'>ad</span> <span class='ocrx_word' id='word_1_374' title='bbox 186 4110 427 4192; x_wconf 76' lang='lat' dir='ltr'>Argonautarum</span> <span class='ocrx_word' id='word_1_375' title='bbox 446 4123 579 4193; x_wconf 86' lang='lat' dir='ltr'>tempora</span> <span class='ocrx_word' id='word_1_376' title='bbox 622 4111 700 4188; x_wconf 83' lang='lat' dir='ltr'>etit,</span> <span class='ocrx_word' id='word_1_377' title='bbox 721 4125 855 4192; x_wconf 77' lang='lat' dir='ltr'>strages,</span> <span class='ocrx_word' id='word_1_378' title='bbox 879 4113 950 4170; x_wconf 73' lang='lat' dir='ltr'>eto!</span> <span class='ocrx_word' id='word_1_379' title='bbox 971 4109 1075 4169; x_wconf 81' lang='lat' dir='ltr'>Priora</span> <span class='ocrx_word' id='word_1_380' title='bbox 1090 4109 1160 4170; x_wconf 85' lang='lat' dir='ltr'>imi-</span> 
     </span>
     <span class='ocr_line' id='line_1_43' title="bbox 35 4195 1159 4275; baseline 0.006 -24"><span class='ocrx_word' id='word_1_381' title='bbox 35 4197 172 4256; x_wconf 88' lang='lat' dir='ltr'>relerret.</span> <span class='ocrx_word' id='word_1_382' title='bbox 521 4225 530 4252; x_wconf 72' lang='lat'><em>0</em></span> <span class='ocrx_word' id='word_1_383' title='bbox 620 4207 703 4257; x_wconf 81' lang='lat' dir='ltr'>tatus</span> <span class='ocrx_word' id='word_1_384' title='bbox 736 4207 782 4257; x_wconf 85' lang='lat' dir='ltr'>est</span> <span class='ocrx_word' id='word_1_385' title='bbox 810 4196 930 4256; x_wconf 84' lang='lat' dir='ltr'>Gratius</span> <span class='ocrx_word' id='word_1_386' title='bbox 964 4195 1073 4275; x_wconf 87' lang='lat' dir='ltr'>Cyneg.</span> <span class='ocrx_word' id='word_1_387' title='bbox 1097 4198 1159 4260; x_wconf 79' lang='lat'>873</span> 
     </span>
    </p>

    <p class='ocr_par' dir='ltr' id='par_1_15' title="bbox 32 4281 1160 4534">
     <span class='ocr_line' id='line_1_44' title="bbox 75 4281 1159 4363; baseline -0.006 -17"><span class='ocrx_word' id='word_1_388' title='bbox 75 4283 138 4346; x_wconf 88' lang='lat'>551</span> <span class='ocrx_word' id='word_1_389' title='bbox 159 4313 207 4329; x_wconf 91' lang='lat'>-</span> <span class='ocrx_word' id='word_1_390' title='bbox 224 4282 296 4348; x_wconf 86' lang='grc'><strong><em>553.</em></strong></span> <span class='ocrx_word' id='word_1_391' title='bbox 344 4283 455 4343; x_wconf 80' lang='lat' dir='ltr'>Versus</span> <span class='ocrx_word' id='word_1_392' title='bbox 493 4283 579 4363; x_wconf 85' lang='lat' dir='ltr'>longa</span> <span class='ocrx_word' id='word_1_393' title='bbox 626 4283 716 4360; x_wconf 82' lang='lat' dir='ltr'>Quod</span> <span class='ocrx_word' id='word_1_394' title='bbox 727 4286 822 4343; x_wconf 75' lang='lat' dir='ltr'>eirea</span> <span class='ocrx_word' id='word_1_395' title='bbox 837 4281 944 4361; x_wconf 76' lang='lat' dir='ltr'>Stygia</span> <span class='ocrx_word' id='word_1_396' title='bbox 957 4284 1067 4341; x_wconf 80' lang='lat' dir='ltr'>Letum</span> <span class='ocrx_word' id='word_1_397' title='bbox 1080 4283 1159 4339; x_wconf 82' lang='lat' dir='ltr'>Pro-</span> 
     </span>
     <span class='ocr_line' id='line_1_45' title="bbox 34 4367 1160 4448; baseline 0.001 -25"><span class='ocrx_word' id='word_1_398' title='bbox 34 4367 285 4442; x_wconf 71' lang='lat' dir='ltr'>praestantisdmi</span> <span class='ocrx_word' id='word_1_399' title='bbox 307 4377 338 4428; x_wconf 92' lang='lat' dir='ltr'>et</span> <span class='ocrx_word' id='word_1_400' title='bbox 357 4369 476 4448; x_wconf 84' lang='lat' dir='ltr'>pictura</span> <span class='ocrx_word' id='word_1_401' title='bbox 498 4369 580 4428; x_wconf 86' lang='lat' dir='ltr'>omni</span> <span class='ocrx_word' id='word_1_402' title='bbox 621 4367 742 4446; x_wconf 66' lang='lat' dir='ltr'>serpbso</span> <span class='ocrx_word' id='word_1_403' title='bbox 755 4381 838 4426; x_wconf 86' lang='lat' dir='ltr'>noete</span> <span class='ocrx_word' id='word_1_404' title='bbox 855 4368 993 4442; x_wconf 75' lang='lat' dir='ltr'>Extulit,</span> <span class='ocrx_word' id='word_1_405' title='bbox 1017 4379 1045 4424; x_wconf 90' lang='lat' dir='ltr'>et</span> <span class='ocrx_word' id='word_1_406' title='bbox 1059 4367 1160 4424; x_wconf 62' lang='lat' dir='ltr'>rnna</span> 
     </span>
     <span class='ocr_line' id='line_1_46' title="bbox 32 4447 1158 4534; baseline 0 -24"><span class='ocrx_word' id='word_1_407' title='bbox 32 4453 229 4530; x_wconf 79' lang='lat' dir='ltr'>viridiores,</span> <span class='ocrx_word' id='word_1_408' title='bbox 255 4453 379 4534; x_wconf 67' lang='lat' dir='ltr'>aregiam</span> <span class='ocrx_word' id='word_1_409' title='bbox 411 4463 512 4514; x_wconf 87' lang='lat' dir='ltr'>tamen</span> <span class='ocrx_word' id='word_1_410' title='bbox 541 4453 579 4513; x_wconf 86' lang='lat' dir='ltr'>ab</span> <span class='ocrx_word' id='word_1_411' title='bbox 621 4457 810 4514; x_wconf 65' lang='lat' dir='ltr'>commatrem</span> <span class='ocrx_word' id='word_1_412' title='bbox 834 4453 987 4514; x_wconf 66' lang='lat' dir='ltr'>uteretur</span> <span class='ocrx_word' id='word_1_413' title='bbox 1005 4456 1103 4526; x_wconf 66' lang='lat' dir='ltr'>bum,</span> <span class='ocrx_word' id='word_1_414' title='bbox 1126 4447 1158 4510; x_wconf 89' lang='lat' dir='ltr'>h.</span> 
     </span>
    </p>
   </div>
   <div class='ocr_carea' id='block_1_5' title="bbox 0 0 1370 5016">
    <p class='ocr_par' dir='ltr' id='par_1_16' title="bbox 0 0 1370 5016">
     <span class='ocr_line' id='line_1_47' title="bbox 0 0 1370 5016; baseline 0 4"><span class='ocrx_word' id='word_1_415' title='bbox 0 0 1370 5016; x_wconf 95' lang='lat' dir='ltr'> </span> 
     </span>
    </p>
   </div>
  </div>
 </body>
</html>
