2654 5000
189 381 270 452 ·60
453 375 494 448 P.
529 369 790 446 VIRGILH
822 369 1096 444 MARONlS

218 565 419 655 Quantum
435 555 541 632 lenta
555 555 685 630 solent
700 555 803 629 inter
815 553 978 629 viburna
996 557 1179 655 cupressi.

217 687 257 741 u.
284 665 334 738 Et
348 683 450 761 quae
466 669 572 733 tanta
586 655 661 733 suit
674 660 844 734 Romam
860 657 931 732 tibi
945 681 1076 734 caussa
1092 658 1275 736 videndi?

218 789 251 844 r.
276 763 467 840 Libertas:
494 785 714 862 quaesere,
738 773 872 836 tamen
887 763 1057 862 respexit
1069 761 1254 852 ‘mertem3

265 909 327 982 28.
354 921 469 1000 Qusu,

249 1097 285 1152 26
306 1096 432 1168 virgulta
446 1103 551 1165 quartus
568 1093 664 1145 Mutet.
714 1093 750 1148 27
766 1096 875 1164 Ecquce
888 1091 950 1144 olim
963 1093 1064 1162 aliquus
1075 1092 1166 1162 vulgg.
1175 1109 1217 1160 sp.
1230 1093 1310 1144 Fabric.

215 1167 283 1218 Nem
297 1169 334 1216 Bt
344 1176 414 1236 quae
428 1164 516 1216 stetim
531 1165 564 1215 sb
582 1161 762 1216 Aldceditum.
819 1165 854 1216 28
871 1160 1009 1214 Libertas:
1027 1181 1106 1233 quse,
1117 1181 1192 1227 sera,
1206 1175 1283 1214 rmum
1294 1183 1309 1212 r.

214 1235 317 1288 Aliisne
328 1251 381 1286 uou
392 1233 561 1301 distinguunt,
575 1243 632 1283 aut:
645 1249 792 1300 quae,sem
801 1243 900 1294 terren,
908 1251 930 1282 r.
946 1233 1028 1298 (sera,
1036 1245 1137 1296 maun,
1152 1247 1212 1282 sero
1220 1233 1309 1300 quiden,

215 1303 260 1354 sed
280 1303 351 1354 venit
360 1313 459 1366 tamem
477 1299 531 1368 ὀψὲ
545 1297 604 1370 μὶν,
618 1295 675 1354 ἀλλ’
686 1291 780 1368 ἦλθεν.
798 1302 831 1351 Et
843 1313 932 1352 terum
944 1318 1023 1369 saepe
1038 1301 1236 1368 sicpouitur,ut
1248 1299 1309 1350 onn-

215 1391 271 1424 sum
285 1371 358 1423 sitin
366 1371 576 1426 antecedentibus
589 1379 634 1420 cut
646 1371 704 1432 etsi,
716 1371 837 1439 quamvis
851 1379 878 1420 et
891 1369 993 1433 similia,
1014 1371 1189 1439 estquidam.
1212 1371 1307 1436 Propert

213 1444 258 1506 111,
271 1441 303 1507 4,
319 1441 360 1495 5.:
388 1447 423 1506 „S
433 1460 503 1505 ere,
520 1441 578 1492 sed
591 1438 709 1490 Ausoniis
720 1437 948 1506 venietprovincie
961 1439 1066 1508 virgis.“
1083 1441 1167 1506 Prop.
1175 1441 1218 1502 111,
1231 1441 1307 1499 ¹53&

215 1517 257 1577 „S
268 1529 342 1574 crs,
360 1507 600 1629 temenufietesst‘
631 1507 671 1558 De
692 1507 787 1558 omisso
804 1508 909 1578 quidem
925 1507 994 1558 Cort.
1009 1509 1043 1559 sd
1057 1507 1166 1560 Sallust.
1181 1509 1233 1559 cst.
1249 1527 1267 1558 c.
1277 1509 1306 1560 52

215 1590 242 1632 st
254 1583 297 1636 61.
314 1581 432 1630 Inercem
443 1597 469 1630 m
497 1579 552 1630 ead
564 1575 672 1630 senilem
680 1577 800 1628 inertiam
807 1585 885 1646 etque
899 1577 930 1626 ad
947 1586 1060 1628 aetutem
1070 1578 1205 1640 referuut3
1218 1577 1306 1645 explicit

213 1649 271 1716 ipse
289 1666 327 1699 vs.
346 1649 382 1703 82
396 1667 434 1718 sq.
448 1647 498 1698 sibi
514 1665 567 1700 nou
580 1663 667 1698 cruram
678 1645 773 1716 peculii
784 1645 864 1698 fuisse
881 1645 979 1700 diceus.
1002 1650 1050 1719 Sp.
1067 1675 1103 1688 -
1121 1647 1240 1712 Comma,
1256 1645 1305 1716 quod

214 1725 272 1769 erut
284 1726 345 1768 cute
358 1735 435 1784 sera,
457 1716 551 1769 deleri·
578 1714 650 1782 Wr.)

211 1875 277 1936 ltu.
295 1874 354 1950 IX,
376 1877 463 1938 896.:
496 1873 638 1949 „silicem,
660 1893 748 1952 quem
791 1893 848 1952 que
871 1875 945 1934 clius
971 1872 1116 1952 Corydon
1143 1873 1203 1934 su
1224 1873 1258 1947 11,
1287 1877 1303 1932 1.

212 1960 363 2019 montibus
392 1959 459 2018 eltis
483 1961 651 2036 Depnlemt
680 1970 747 2020 tor·
790 1963 868 2018 Sunt
883 1959 1001 2038 quidem
1021 1968 1052 2017 et
1066 1960 1151 2038 apud
1165 1957 1303 2018 Thermi

210 2049 312 2105 rens.“
333 2041 398 2126 Sp.)
442 2047 493 2107 26.
524 2044 658 2105 Vibuma
676 2053 747 2104 sunt
790 2045 926 2104 Cometes
939 2053 969 2103 et
983 2045 1098 2122 Iseon,
1121 2055 1244 2123 uterque
1257 2063 1302 2100 su·

211 2130 325 2188 nuum
337 2150 361 2188 s.
374 2129 496 2208 virgulti
506 2147 597 2208 genus
608 2127 706 2188 flexile
716 2139 746 2190 et
788 2131 854 2188 vilis
866 2131 1059 2206 conditionis;
1071 2150 1247 2210 quamquem
1257 2129 1302 2186 diu

209 2215 324 2273 lentum
333 2215 365 2272 in
372 2213 506 2294 siepibus
521 2215 651 2289 obvium,
659 2215 746 2274 vien·-
786 2215 819 2274 in
835 2215 906 2274 locis
919 2217 973 2297 ipsi
986 2216 1100 2275 domini
1115 2237 1232 2296 gregum
1242 2213 1301 2290 loqui

210 2299 256 2359 dis
266 2299 296 2359 h.
303 2300 427 2379 ligandis
437 2300 581 2360 fasciculis
592 2301 673 2359 utile.
684 2300 747 2360 vid.
788 2310 819 2358 et
833 2321 936 2360 canere
949 2301 1135 2381 intelligendi
1148 2311 1224 2361 suut
1260 2297 1300 2357 Sed

210 2386 314 2446 Cerds.
361 2389 487 2460 Victus,
521 2385 744 2460 Wald-Rebe,
786 2385 917 2468 inludis
930 2387 1035 2462 villici,
1057 2397 1089 2446 et
1105 2385 1299 2466 quicumquein

209 2474 300 2531 Klein
306 2472 494 2530 Mehlhaum.
510 2471 604 2530 Aiunt
617 2489 677 2528 esse
688 2473 723 2531 V
718 2473 746 2528 s·-
788 2471 863 2548 agris
876 2482 981 2548 essent,
995 2493 1056 2532 non
1067 2475 1155 2532 sscile
1169 2473 1221 2532 sliu
1234 2487 1299 2549 qum

208 2555 746 2639 humumLantanaL.(Vossioetiam
786 2557 885 2616 servili
915 2558 1084 2618 conditione
1115 2569 1170 2618 sut
1196 2555 1298 2617 libertini

209 2642 447 2722 &hhngbaum
496 2641 742 2720 Wegeschlr'uge,
785 2642 874 2700 fuisse
887 2643 1037 2702 videntur.
1065 2644 1129 2717 Qui
1141 2644 1298 2704 hominen

208 2728 380 2788 Faulbaum
397 2728 515 2786 dicitur.
542 2729 594 2788 W
589 2725 625 2808 r.)
785 2737 866 2786 recte
879 2729 910 2787 in
918 2730 1074 2808 pastoritio
1090 2731 1226 2805 cernuus,
1237 2725 1297 2806 quod

250 2817 301 2878 28.
344 2814 497 2888 Libertas,
542 2811 572 2872 h.
598 2812 744 2871 libertatis
785 2814 916 2872 sensibus
932 2815 1042 2873 nostris
1057 2815 1296 2896 nil'prseterqum

207 2899 385 2958 obtinendae
408 2918 472 2979 spes
498 2917 533 2956 cc
557 2897 743 2958 desiderium.
785 2901 1017 2959 munenissimsm
1036 2921 1186 2979 quamque
1204 2911 1230 2959 et
1246 2917 1296 2956 sus-

207 2985 248 3043 Ut
262 2983 338 3044 nihil
353 2983 390 3042 de
402 2984 510 3064 ineptis
523 2981 612 3043 huius
625 2984 683 3044 loci
693 2985 743 3042 in-
783 2985 932 3045 vissimum
945 2987 1025 3045 vitae
1045 2989 1179 3046 nesticae
1198 2985 1295 3065 speciem

206 3070 469 3146 terpretstionibus
486 3069 633 3146 dicemus,
670 3089 743 3146 quas
783 3069 923 3131 exhibere
941 3071 1037 3146 debet,
1060 3083 1184 3152 spoets
1199 3065 1295 3130 excitari

205 3153 267 3232 ipse
288 3155 427 3214 Burman.
448 3155 597 3232 sequitur,
635 3175 742 3232 quum·
782 3157 952 3236 potuerint,
995 3175 1076 3216 nunc
1096 3179 1161 3217 non
1185 3159 1318 3236 dispu105,

206 3257 294 3317 quam
320 3239 374 3298 vix
405 3240 504 3298 omnia
529 3240 568 3297 ad
594 3240 741 3318 liquidum
781 3242 834 3300 sed
847 3243 868 3300 ii
881 3242 1030 3317 homines,
1059 3243 1083 3300 si
1106 3244 1246 3322 pecudium
1257 3235 1294 3295 sibi

205 3325 328 3406 perduci
351 3333 491 3404 possunt,
529 3323 621 3384 verbs
639 3335 740 3384 tamen
781 3329 852 3386 setis
866 3349 1004 3407 magnum
1022 3339 1196 3408 parassent,
1221 3323 1293 3407 pretio

205 3411 322 3471 nullum
343 3411 433 3470 elium
458 3429 576 3468 sensum
597 3412 740 3492 suppedi-
782 3411 907 3472 dominis
930 3415 1028 3473 solute
1049 3415 1081 3474 in
1101 3413 1257 3474 libertatem
1272 3425 1293 3463 se

203 3507 280 3573 tent,
298 3517 387 3576 quam
400 3495 494 3555 hunc:
517 3496 638 3574 Tityrus
648 3498 740 3556 intel·
780 3499 932 3558 vindicare
943 3509 1091 3580 poterant.
1114 3502 1143 3560 N
1144 3511 1192 3559 ots
1204 3519 1251 3572 cn,
1267 3492 1293 3548 dt

202 3581 336 3662 ligendus
357 3593 480 3641 estesse
501 3581 605 3660 aliquis
626 3603 739 3642 exser-
781 3603 840 3662 qus
859 3605 946 3644 nemo
964 3585 1047 3645 facile
1070 3585 1197 3646 dubitet.
1234 3579 1291 3640 Sub-

203 3671 258 3744 vis,
277 3689 405 3749 quorum
415 3669 540 3727 Romani
550 3677 739 3728 tuntumnu-
779 3671 962 3730 ministravit
990 3682 1091 3731 tamen
1122 3675 1172 3732 vir
1198 3667 1290 3728 doctiss.

202 3775 318 3814 merum
327 3757 359 3815 in
371 3755 469 3815 fundis
482 3755 541 3813 suis
554 3765 584 3813 et
595 3755 669 3832 egris
681 3754 738 3813 ha·
779 3758 989 3816 auctoritatem
1003 3758 1092 3838 Lipsii
1104 3759 1144 3817 ad
1158 3759 1221 3815 Tse.
1232 3749 1290 3818 XIV2

202 3840 322 3916 bebsnt,
336 3842 443 3920 quibus
454 3841 515 3899 sive
527 3860 664 3918 agrorum
677 3841 738 3900 sive
778 3840 829 3905 42.
851 3843 990 3902 Burman.
1012 3844 1052 3902 sd
1064 3844 1183 3903 Petron.
1198 3841 1245 3911 75,
1269 3843 1289 3890 ‘¹

202 3927 350 4002 pecudum
387 3947 459 3986 curs
493 3926 635 3984 mandatu
663 3935 737 3984 erat.
778 3928 866 3987 Ovid.
882 3927 947 3989 Am.
963 3929 992 4004 1,
1015 3932 1050 4004 8,
1074 3934 1125 3994 63.
1148 3931 1182 3988 cf.
1199 3919 1288 4004 Apulei

202 4007 269 4068 Hoc
291 4021 445 4090 pastorum
466 4032 556 4090 genus
580 4013 638 4070 isto
657 4020 736 4070 tem·
778 4011 849 4072 Met.
864 4013 946 4091 Vffl,
968 4014 1019 4078 48.
1054 4013 1118 4073 lum
1134 4013 1231 4074 iisdem
1247 4007 1288 4065 ho·

202 4113 289 4173 pore,
323 4117 381 4174 quo
406 4097 569 4156 latifundiis
593 4107 737 4176 occupate
778 4099 920 4175 minibus,
943 4119 1024 4159 nunc
1034 4101 1148 4160 libertis
1161 4099 1229 4170 suis,
1248 4093 1287 4150 ht·

202 4187 267 4238 eret
290 4179 390 4256 Italis,
422 4185 507 4242 cons.
532 4181 684 4243 Plutarch.
704 4183 737 4242 in
777 4205 830 4244 rus
844 4195 963 4264 poterut
980 4205 1078 4266 greges
1093 4207 1160 4246 suos
1175 4179 1286 4242 conruit·

202 4263 327 4324 Grflcch·
347 4287 410 4346 pag·
437 4271 499 4332 828
512 4267 546 4328 d
560 4269 684 4350 Appisn.
699 4269 736 4327 de
778 4277 850 4345 tere,
873 4281 954 4330 certe
966 4272 1101 4332 mercede
1116 4271 1206 4342 dictu
1223 4260 1285 4324 unde

201 4351 233 4410 B·
248 4351 310 4411 Civ·
324 4349 354 4426 l,
371 4373 400 4410 Ὁ.
414 4357 450 4428 7,
471 4375 525 4434 per
543 4375 659 4414 omnem
672 4355 735 4414 Its-
776 4365 910 4435 pastores
921 4359 1120 4417 mercenarios
1132 4357 1285 4416 memoratos

200 4437 268 4498 liam
284 4447 349 4497 eret
366 4439 640 4518 frequentissimum.
675 4443 735 4500 Ne·
775 4442 904 4520 legimus.
947 4445 1077 4522 tityrus,
1100 4445 1148 4522 qui
1162 4433 1283 4522 punci-
