<?xml version="1.0" encoding="UTF-8"?>
<!DOCTYPE html PUBLIC "-//W3C//DTD XHTML 1.0 Transitional//EN"
    "http://www.w3.org/TR/xhtml1/DTD/xhtml1-transitional.dtd">
<html xmlns="http://www.w3.org/1999/xhtml" xml:lang="en" lang="en">
 <head>
  <title>
</title>
<meta http-equiv="Content-Type" content="text/html;charset=utf-8" />
  <meta name='ocr-system' content='tesseract 3.04.00' />
  <meta name='ocr-capabilities' content='ocr_page ocr_carea ocr_par ocr_line ocrx_word'/>
</head>
<body>
  <div class='ocr_page' id='page_1' title='image "./publiusvirgiliu00virggoog/publiusvirgiliu00virggoog_0766.png"; bbox 0 0 2758 4990; ppageno 0'>
   <div class='ocr_carea' id='block_1_1' title="bbox 198 395 1164 496">
    <p class='ocr_par' dir='ltr' id='par_1_1' title="bbox 198 395 1164 496">
     <span class='ocr_line' id='line_1_1' title="bbox 198 395 1164 496; baseline 0.017 -26"><span class='ocrx_word' id='word_1_1' title='bbox 198 395 1010 496; x_wconf 77' lang='lat' dir='ltr'>ouonotcouulu.1v,eee-eeo</span> <span class='ocrx_word' id='word_1_2' title='bbox 1087 407 1164 486; x_wconf 75' lang='lat' dir='ltr'>ota</span> 
     </span>
    </p>
   </div>
   <div class='ocr_carea' id='block_1_2' title="bbox 42 581 1163 1100">
    <p class='ocr_par' dir='ltr' id='par_1_2' title="bbox 42 581 1163 788">
     <span class='ocr_line' id='line_1_2' title="bbox 42 581 1163 682; baseline 0.013 -27"><span class='ocrx_word' id='word_1_3' title='bbox 42 581 265 660; x_wconf 84' lang='lat' dir='ltr'>[nsincerue</span> <span class='ocrx_word' id='word_1_4' title='bbox 281 605 374 682; x_wconf 82' lang='lat' dir='ltr'>apes</span> <span class='ocrx_word' id='word_1_5' title='bbox 389 582 524 660; x_wconf 85' lang='lat' dir='ltr'>tulerit</span> <span class='ocrx_word' id='word_1_6' title='bbox 541 609 669 663; x_wconf 85' lang='lat' dir='ltr'>cruor.</span> <span class='ocrx_word' id='word_1_7' title='bbox 711 585 835 662; x_wconf 88' lang='lat' dir='ltr'>Altius</span> <span class='ocrx_word' id='word_1_8' title='bbox 848 611 1017 668; x_wconf 89' lang='lat' dir='ltr'>omnem</span> <span class='ocrx_word' id='word_1_9' title='bbox 1039 589 1040 592; x_wconf 51' lang='lat'>‘</span> <span class='ocrx_word' id='word_1_10' title='bbox 1085 599 1163 677; x_wconf 75' lang='lat'>286</span> 
     </span>
     <span class='ocr_line' id='line_1_3' title="bbox 42 682 1007 788; baseline 0.018 -30"><span class='ocrx_word' id='word_1_11' title='bbox 42 682 258 783; x_wconf 84' lang='lat' dir='ltr'>Expediam</span> <span class='ocrx_word' id='word_1_12' title='bbox 272 686 400 786; x_wconf 88' lang='lat' dir='ltr'>prima</span> <span class='ocrx_word' id='word_1_13' title='bbox 416 701 606 788; x_wconf 83' lang='lat' dir='ltr'>repetens</span> <span class='ocrx_word' id='word_1_14' title='bbox 618 684 836 786; x_wconf 81' lang='lat' dir='ltr'>aborigind</span> <span class='ocrx_word' id='word_1_15' title='bbox 849 688 1007 775; x_wconf 87' lang='lat' dir='ltr'>famam.</span> 
     </span>
    </p>

    <p class='ocr_par' dir='ltr' id='par_1_3' title="bbox 42 785 886 894">
     <span class='ocr_line' id='line_1_4' title="bbox 42 785 886 894; baseline 0.007 -30"><span class='ocrx_word' id='word_1_16' title='bbox 42 793 139 864; x_wconf 83' lang='lat' dir='ltr'>Nam</span> <span class='ocrx_word' id='word_1_17' title='bbox 157 811 234 887; x_wconf 89' lang='lat' dir='ltr'>qua</span> <span class='ocrx_word' id='word_1_18' title='bbox 247 785 394 866; x_wconf 84' lang='lat' dir='ltr'>Pellaei</span> <span class='ocrx_word' id='word_1_19' title='bbox 406 814 504 888; x_wconf 84' lang='lat' dir='ltr'>gens</span> <span class='ocrx_word' id='word_1_20' title='bbox 517 787 716 868; x_wconf 86' lang='lat' dir='ltr'>fortunata</span> <span class='ocrx_word' id='word_1_21' title='bbox 732 795 886 894; x_wconf 84' lang='lat' dir='ltr'>Canopi</span> 
     </span>
    </p>

    <p class='ocr_par' dir='ltr' id='par_1_4' title="bbox 42 887 955 997">
     <span class='ocr_line' id='line_1_5' title="bbox 42 887 955 997; baseline 0.009 -32"><span class='ocrx_word' id='word_1_22' title='bbox 42 887 198 965; x_wconf 83' lang='lat' dir='ltr'>Adcolit</span> <span class='ocrx_word' id='word_1_23' title='bbox 212 889 343 968; x_wconf 81' lang='lat' dir='ltr'>effuso</span> <span class='ocrx_word' id='word_1_24' title='bbox 360 906 607 992; x_wconf 80' lang='lat' dir='ltr'><strong>stagnantem</strong></span> <span class='ocrx_word' id='word_1_25' title='bbox 621 893 788 971; x_wconf 89' lang='lat' dir='ltr'>flumine</span> <span class='ocrx_word' id='word_1_26' title='bbox 801 896 955 997; x_wconf 90' lang='lat' dir='ltr'>Nilum,</span> 
     </span>
    </p>

    <p class='ocr_par' dir='ltr' id='par_1_5' title="bbox 42 994 902 1100">
     <span class='ocr_line' id='line_1_6' title="bbox 42 994 902 1100; baseline 0.007 -30"><span class='ocrx_word' id='word_1_27' title='bbox 42 997 86 1070; x_wconf 84' lang='lat' dir='ltr'>Et</span> <span class='ocrx_word' id='word_1_28' title='bbox 102 994 253 1070; x_wconf 89' lang='lat' dir='ltr'>circum</span> <span class='ocrx_word' id='word_1_29' title='bbox 269 997 383 1100; x_wconf 89' lang='lat' dir='ltr'>pictis</span> <span class='ocrx_word' id='word_1_30' title='bbox 397 997 555 1076; x_wconf 79' lang='lat' dir='ltr'>vehitur</span> <span class='ocrx_word' id='word_1_31' title='bbox 570 1025 639 1076; x_wconf 87' lang='lat' dir='ltr'>sua</span> <span class='ocrx_word' id='word_1_32' title='bbox 650 1025 743 1075; x_wconf 85' lang='lat' dir='ltr'>rura</span> <span class='ocrx_word' id='word_1_33' title='bbox 755 997 902 1092; x_wconf 81' lang='lat' dir='ltr'>faselis3</span> 
     </span>
    </p>
   </div>
   <div class='ocr_carea' id='block_1_3' title="bbox 42 1217 1163 1647">
    <p class='ocr_par' dir='ltr' id='par_1_6' title="bbox 42 1217 1163 1647">
     <span class='ocr_line' id='line_1_7' title="bbox 68 1217 1162 1298; baseline 0.008 -28"><span class='ocrx_word' id='word_1_34' title='bbox 68 1217 125 1270; x_wconf 73' lang='lat'>286</span> <span class='ocrx_word' id='word_1_35' title='bbox 138 1219 236 1288; x_wconf 79' lang='lat' dir='ltr'>patria</span> <span class='ocrx_word' id='word_1_36' title='bbox 248 1229 375 1290; x_wconf 74' lang='lat' dir='ltr'>repetens</span> <span class='ocrx_word' id='word_1_37' title='bbox 390 1221 457 1272; x_wconf 86' lang='lat' dir='ltr'>Ven.</span> <span class='ocrx_word' id='word_1_38' title='bbox 495 1225 613 1294; x_wconf 68' lang='lat' dir='ltr'>primam</span> <span class='ocrx_word' id='word_1_39' title='bbox 634 1223 713 1276; x_wconf 84' lang='lat' dir='ltr'>Goth.</span> <span class='ocrx_word' id='word_1_40' title='bbox 736 1239 777 1290; x_wconf 87' lang='lat' dir='ltr'>pr.</span> <span class='ocrx_word' id='word_1_41' title='bbox 845 1223 899 1278; x_wconf 81' lang='lat'>287</span> <span class='ocrx_word' id='word_1_42' title='bbox 916 1221 988 1276; x_wconf 79' lang='lat' dir='ltr'>Nam</span> <span class='ocrx_word' id='word_1_43' title='bbox 1002 1244 1083 1298; x_wconf 82' lang='lat' dir='ltr'>quam</span> <span class='ocrx_word' id='word_1_44' title='bbox 1101 1228 1162 1279; x_wconf 89' lang='lat' dir='ltr'>Me-</span> 
     </span>
     <span class='ocr_line' id='line_1_8' title="bbox 42 1285 1162 1363; baseline 0.013 -29"><span class='ocrx_word' id='word_1_45' title='bbox 42 1285 87 1336; x_wconf 86' lang='lat' dir='ltr'>lic.</span> <span class='ocrx_word' id='word_1_46' title='bbox 105 1285 210 1356; x_wconf 77' lang='lat' dir='ltr'>(nempe</span> <span class='ocrx_word' id='word_1_47' title='bbox 226 1287 327 1356; x_wconf 77' lang='lat' dir='ltr'>virgula</span> <span class='ocrx_word' id='word_1_48' title='bbox 345 1297 494 1344; x_wconf 74' lang='lat' dir='ltr'>transversa</span> <span class='ocrx_word' id='word_1_49' title='bbox 513 1311 592 1363; x_wconf 82' lang='lat' dir='ltr'>aupre</span> <span class='ocrx_word' id='word_1_50' title='bbox 611 1311 666 1363; x_wconf 81' lang='lat' dir='ltr'>qua</span> <span class='ocrx_word' id='word_1_51' title='bbox 686 1291 800 1343; x_wconf 86' lang='lat' dir='ltr'>cernitur</span> <span class='ocrx_word' id='word_1_52' title='bbox 818 1310 861 1362; x_wconf 86' lang='lat' dir='ltr'>ap.</span> <span class='ocrx_word' id='word_1_53' title='bbox 879 1293 989 1362; x_wconf 77' lang='lat' dir='ltr'>Foggiu.</span> <span class='ocrx_word' id='word_1_54' title='bbox 1023 1295 1162 1349; x_wconf 77' lang='lat' dir='ltr'>Praeterea</span> 
     </span>
     <span class='ocr_line' id='line_1_9' title="bbox 42 1355 1163 1430; baseline 0.012 -26"><span class='ocrx_word' id='word_1_55' title='bbox 42 1355 126 1406; x_wconf 81' lang='lat' dir='ltr'>Pellei</span> <span class='ocrx_word' id='word_1_56' title='bbox 140 1355 167 1406; x_wconf 86' lang='lat' dir='ltr'>in</span> <span class='ocrx_word' id='word_1_57' title='bbox 182 1357 274 1408; x_wconf 87' lang='lat' dir='ltr'>eodem</span> <span class='ocrx_word' id='word_1_58' title='bbox 288 1375 331 1425; x_wconf 86' lang='lat' dir='ltr'>ep.</span> <span class='ocrx_word' id='word_1_59' title='bbox 347 1359 430 1430; x_wconf 79' lang='lat' dir='ltr'>Fogg.</span> <span class='ocrx_word' id='word_1_60' title='bbox 449 1363 520 1428; x_wconf 81' lang='lat' dir='ltr'>Wr.)</span> <span class='ocrx_word' id='word_1_61' title='bbox 609 1381 661 1413; x_wconf 82' lang='lat' dir='ltr'>nae</span> <span class='ocrx_word' id='word_1_62' title='bbox 673 1361 740 1413; x_wconf 85' lang='lat' dir='ltr'>Gnd.</span> <span class='ocrx_word' id='word_1_63' title='bbox 771 1361 868 1426; x_wconf 82' lang='lat' dir='ltr'>Pellei,</span> <span class='ocrx_word' id='word_1_64' title='bbox 886 1363 971 1426; x_wconf 82' lang='lat' dir='ltr'>Pelei,</span> <span class='ocrx_word' id='word_1_65' title='bbox 988 1365 1076 1430; x_wconf 81' lang='lat' dir='ltr'>Pelei,</span> <span class='ocrx_word' id='word_1_66' title='bbox 1092 1383 1163 1417; x_wconf 87' lang='lat' dir='ltr'>uou-</span> 
     </span>
     <span class='ocr_line' id='line_1_10' title="bbox 42 1379 1163 1498; baseline 0.012 -25"><span class='ocrx_word' id='word_1_67' title='bbox 42 1423 109 1476; x_wconf 68' lang='lat' dir='ltr'>nulli.</span> <span class='ocrx_word' id='word_1_68' title='bbox 149 1427 237 1476; x_wconf 76' lang='lat' dir='ltr'>Penei</span> <span class='ocrx_word' id='word_1_69' title='bbox 255 1429 345 1480; x_wconf 79' lang='lat' dir='ltr'>Frane.</span> <span class='ocrx_word' id='word_1_70' title='bbox 380 1429 428 1480; x_wconf 77' lang='lat' dir='ltr'>Eat</span> <span class='ocrx_word' id='word_1_71' title='bbox 445 1425 554 1498; x_wconf 69' lang='lat' dir='ltr'>Hillo,</span> <span class='ocrx_word' id='word_1_72' title='bbox 578 1379 722 1493; x_wconf 67' lang='lat' dir='ltr'>lltlloeioc.</span> <span class='ocrx_word' id='word_1_73' title='bbox 792 1432 846 1486; x_wconf 81' lang='lat'>288</span> <span class='ocrx_word' id='word_1_74' title='bbox 862 1429 974 1483; x_wconf 72' lang='lat' dir='ltr'>Adtulit</span> <span class='ocrx_word' id='word_1_75' title='bbox 992 1433 1092 1487; x_wconf 86' lang='lat' dir='ltr'>zulich.</span> <span class='ocrx_word' id='word_1_76' title='bbox 1135 1448 1163 1486; x_wconf 74' lang='lat' dir='ltr'>ee</span> 
     </span>
     <span class='ocr_line' id='line_1_11' title="bbox 42 1492 1163 1572; baseline 0.013 -29"><span class='ocrx_word' id='word_1_77' title='bbox 42 1492 100 1544; x_wconf 41' lang='lat' dir='ltr'>rnew</span> <span class='ocrx_word' id='word_1_78' title='bbox 122 1493 203 1544; x_wconf 85' lang='lat' dir='ltr'>Goth.</span> <span class='ocrx_word' id='word_1_79' title='bbox 225 1513 266 1564; x_wconf 87' lang='lat' dir='ltr'>pr.</span> <span class='ocrx_word' id='word_1_80' title='bbox 335 1497 388 1552; x_wconf 81' lang='lat'>289</span> <span class='ocrx_word' id='word_1_81' title='bbox 402 1502 494 1570; x_wconf 79' lang='lat' dir='ltr'>paete&#39;a</span> <span class='ocrx_word' id='word_1_82' title='bbox 512 1501 638 1552; x_wconf 82' lang='lat' dir='ltr'>llotteud.</span> <span class='ocrx_word' id='word_1_83' title='bbox 661 1519 713 1552; x_wconf 78' lang='lat' dir='ltr'>aen.</span> <span class='ocrx_word' id='word_1_84' title='bbox 745 1499 892 1572; x_wconf 72' lang='lat' dir='ltr'>plumellas</span> <span class='ocrx_word' id='word_1_85' title='bbox 914 1501 999 1554; x_wconf 82' lang='lat' dir='ltr'>Cerde</span> <span class='ocrx_word' id='word_1_86' title='bbox 1021 1504 1163 1558; x_wconf 76' lang='lat' dir='ltr'>secundum</span> 
     </span>
     <span class='ocr_line' id='line_1_12' title="bbox 43 1563 931 1647; baseline 0.011 -34"><span class='ocrx_word' id='word_1_87' title='bbox 43 1563 147 1632; x_wconf 84' lang='lat' dir='ltr'>apidee.</span> <span class='ocrx_word' id='word_1_88' title='bbox 173 1563 433 1634; x_wconf 76' lang='lat' dir='ltr'>(phaaeIiaMedic.;</span> <span class='ocrx_word' id='word_1_89' title='bbox 451 1568 505 1621; x_wconf 77' lang='lat' dir='ltr'>rid.</span> <span class='ocrx_word' id='word_1_90' title='bbox 520 1579 611 1622; x_wconf 83' lang='lat' dir='ltr'>notata</span> <span class='ocrx_word' id='word_1_91' title='bbox 627 1571 661 1623; x_wconf 81' lang='lat' dir='ltr'>ed</span> <span class='ocrx_word' id='word_1_92' title='bbox 677 1572 725 1624; x_wconf 84' lang='lat' dir='ltr'>Ge.</span> <span class='ocrx_word' id='word_1_93' title='bbox 738 1573 760 1636; x_wconf 87' lang='lat'>1,</span> <span class='ocrx_word' id='word_1_94' title='bbox 776 1570 931 1647; x_wconf 35' lang='lat' dir='ltr'>mam.)</span> 
     </span>
    </p>
   </div>
   <div class='ocr_carea' id='block_1_4' title="bbox 44 1734 1162 1836">
    <p class='ocr_par' dir='ltr' id='par_1_7' title="bbox 44 1734 1162 1836">
     <span class='ocr_line' id='line_1_13' title="bbox 44 1734 1162 1836; baseline 0.009 -24"><span class='ocrx_word' id='word_1_95' title='bbox 44 1753 195 1814; x_wconf 67' lang='lat' dir='ltr'>„comm</span> <span class='ocrx_word' id='word_1_96' title='bbox 210 1755 356 1836; x_wconf 70' lang='lat' dir='ltr'>significat</span> <span class='ocrx_word' id='word_1_97' title='bbox 364 1777 394 1818; x_wconf 83' lang='lat' dir='ltr'>v.</span> <span class='ocrx_word' id='word_1_98' title='bbox 405 1763 477 1825; x_wconf 81' lang='lat'><strong>317.</strong></span> <span class='ocrx_word' id='word_1_99' title='bbox 505 1761 578 1830; x_wconf 75' lang='lat'><strong>284.</strong></span> <span class='ocrx_word' id='word_1_100' title='bbox 621 1781 674 1820; x_wconf 65' lang='lat' dir='ltr'>seu</span> <span class='ocrx_word' id='word_1_101' title='bbox 687 1734 842 1821; x_wconf 64' lang='lat' dir='ltr'>&#39;sorditate</span> <span class='ocrx_word' id='word_1_102' title='bbox 862 1782 901 1821; x_wconf 68' lang='lat' dir='ltr'>ex</span> <span class='ocrx_word' id='word_1_103' title='bbox 916 1761 975 1822; x_wconf 82' lang='lat' dir='ltr'>mu</span> <span class='ocrx_word' id='word_1_104' title='bbox 992 1762 1162 1822; x_wconf 66' lang='lat' dir='ltr'>incremen-</span> 
     </span>
    </p>
   </div>
   <div class='ocr_carea' id='block_1_5' title="bbox 42 1841 1261 1929">
    <p class='ocr_par' dir='ltr' id='par_1_8' title="bbox 42 1841 1261 1929">
     <span class='ocr_line' id='line_1_14' title="bbox 42 1841 1261 1929; baseline 0.01 -31"><span class='ocrx_word' id='word_1_105' title='bbox 42 1841 74 1898; x_wconf 69' lang='grc' dir='ltr'>Εἰ</span> <span class='ocrx_word' id='word_1_106' title='bbox 89 1841 314 1918; x_wconf 85' lang='lat' dir='ltr'>quomodoiam</span> <span class='ocrx_word' id='word_1_107' title='bbox 328 1861 414 1924; x_wconf 82' lang='lat' dir='ltr'><strong>saepe</strong></span> <span class='ocrx_word' id='word_1_108' title='bbox 427 1845 578 1908; x_wconf 84' lang='lat' dir='ltr'>caeeieiu-</span> <span class='ocrx_word' id='word_1_109' title='bbox 620 1847 668 1906; x_wconf 84' lang='lat' dir='ltr'>tie.</span> <span class='ocrx_word' id='word_1_110' title='bbox 703 1847 861 1926; x_wconf 71' lang='lat' dir='ltr'>Canopico,</span> <span class='ocrx_word' id='word_1_111' title='bbox 885 1841 1081 1929; x_wconf 79' lang='grc' dir='ltr'><strong><em>ὁΚᾶνωβος,</em></strong></span> <span class='ocrx_word' id='word_1_112' title='bbox 1100 1849 1162 1908; x_wconf 79' lang='lat' dir='ltr'>Ae·</span> <span class='ocrx_word' id='word_1_113' title='bbox 1258 1913 1261 1922; x_wconf 69' lang='grc'><em>,</em></span> 
     </span>
    </p>
   </div>
   <div class='ocr_carea' id='block_1_6' title="bbox 42 1926 1208 4576">
    <p class='ocr_par' dir='ltr' id='par_1_9' title="bbox 42 1926 1208 4149">
     <span class='ocr_line' id='line_1_15' title="bbox 42 1926 1163 2012; baseline 0.005 -24"><span class='ocrx_word' id='word_1_114' title='bbox 42 1926 142 1988; x_wconf 71' lang='lat' dir='ltr'>rencia</span> <span class='ocrx_word' id='word_1_115' title='bbox 169 1949 255 1986; x_wconf 83' lang='lat' dir='ltr'>cruor</span> <span class='ocrx_word' id='word_1_116' title='bbox 281 1931 467 2008; x_wconf 71' lang='lat' dir='ltr'>insinno-ua,</span> <span class='ocrx_word' id='word_1_117' title='bbox 507 1953 578 1992; x_wconf 88' lang='lat' dir='ltr'>eor-</span> <span class='ocrx_word' id='word_1_118' title='bbox 620 1933 704 2012; x_wconf 84' lang='lat' dir='ltr'>gypti</span> <span class='ocrx_word' id='word_1_119' title='bbox 714 1933 797 2010; x_wconf 84' lang='lat' dir='ltr'>urbe,</span> <span class='ocrx_word' id='word_1_120' title='bbox 812 1953 874 1994; x_wconf 90' lang='lat' dir='ltr'>non</span> <span class='ocrx_word' id='word_1_121' title='bbox 889 1931 1163 2012; x_wconf 80' lang='lat' dir='ltr'>longeebdlexan-</span> 
     </span>
     <span class='ocr_line' id='line_1_16' title="bbox 42 2015 1161 2096; baseline 0.01 -27"><span class='ocrx_word' id='word_1_122' title='bbox 42 2022 146 2092; x_wconf 60' lang='lat' dir='ltr'>ruptus</span> <span class='ocrx_word' id='word_1_123' title='bbox 179 2032 218 2072; x_wconf 83' lang='lat' dir='ltr'>ex</span> <span class='ocrx_word' id='word_1_124' title='bbox 242 2015 425 2096; x_wconf 76' lang='lat' dir='ltr'>putredine,</span> <span class='ocrx_word' id='word_1_125' title='bbox 459 2019 575 2094; x_wconf 64' lang='lat' dir='ltr'>delerit,</span> <span class='ocrx_word' id='word_1_126' title='bbox 621 2019 704 2094; x_wconf 78' lang='lat' dir='ltr'>drie3</span> <span class='ocrx_word' id='word_1_127' title='bbox 723 2037 813 2096; x_wconf 84' lang='lat' dir='ltr'>quae,</span> <span class='ocrx_word' id='word_1_128' title='bbox 835 2018 990 2096; x_wconf 81' lang='lat' dir='ltr'><strong>quodiam</strong></span> <span class='ocrx_word' id='word_1_129' title='bbox 1004 2019 1161 2096; x_wconf 76' lang='lat' dir='ltr'>Martium,</span> 
     </span>
     <span class='ocr_line' id='line_1_17' title="bbox 42 2098 1162 2182; baseline 0.011 -26"><span class='ocrx_word' id='word_1_130' title='bbox 42 2098 220 2176; x_wconf 57' lang='lat' dir='ltr'>protulerit,</span> <span class='ocrx_word' id='word_1_131' title='bbox 269 2103 440 2180; x_wconf 86' lang='lat' dir='ltr'>generarit,</span> <span class='ocrx_word' id='word_1_132' title='bbox 490 2125 574 2182; x_wconf 76' lang='lat' dir='ltr'>apen.</span> <span class='ocrx_word' id='word_1_133' title='bbox 620 2104 670 2164; x_wconf 83' lang='lat' dir='ltr'>vir</span> <span class='ocrx_word' id='word_1_134' title='bbox 686 2105 825 2182; x_wconf 82' lang='lat' dir='ltr'>elegantia</span> <span class='ocrx_word' id='word_1_135' title='bbox 841 2104 964 2182; x_wconf 84' lang='lat' dir='ltr'>iudicii,</span> <span class='ocrx_word' id='word_1_136' title='bbox 987 2105 1085 2182; x_wconf 81' lang='lat' dir='ltr'>vidit,</span> <span class='ocrx_word' id='word_1_137' title='bbox 1108 2127 1162 2168; x_wconf 88' lang='lat' dir='ltr'>oc-</span> 
     </span>
     <span class='ocr_line' id='line_1_18' title="bbox 42 2185 1202 2272; baseline 0.01 -31"><span class='ocrx_word' id='word_1_138' title='bbox 42 2187 110 2248; x_wconf 77' lang='lat'><strong>286.</strong></span> <span class='ocrx_word' id='word_1_139' title='bbox 132 2185 390 2264; x_wconf 83' lang='lat' dir='ltr'>omnemsamam,</span> <span class='ocrx_word' id='word_1_140' title='bbox 407 2188 450 2247; x_wconf 92' lang='lat' dir='ltr'>rei</span> <span class='ocrx_word' id='word_1_141' title='bbox 463 2209 580 2248; x_wconf 88' lang='lat' dir='ltr'>memo·</span> <span class='ocrx_word' id='word_1_142' title='bbox 621 2189 797 2249; x_wconf 85' lang='lat' dir='ltr'>cidentalem</span> <span class='ocrx_word' id='word_1_143' title='bbox 823 2189 950 2270; x_wconf 79' lang='lat' dir='ltr'>Aegypti</span> <span class='ocrx_word' id='word_1_144' title='bbox 969 2201 1087 2272; x_wconf 87' lang='lat' dir='ltr'>partem</span> <span class='ocrx_word' id='word_1_145' title='bbox 1106 2191 1162 2252; x_wconf 91' lang='lat' dir='ltr'>de-</span> <span class='ocrx_word' id='word_1_146' title='bbox 1198 2259 1202 2269; x_wconf 33' lang='lat'>¹</span> 
     </span>
     <span class='ocr_line' id='line_1_19' title="bbox 42 2269 1162 2358; baseline 0.01 -30"><span class='ocrx_word' id='word_1_147' title='bbox 42 2269 122 2343; x_wconf 77' lang='lat' dir='ltr'>riam,</span> <span class='ocrx_word' id='word_1_148' title='bbox 135 2271 348 2334; x_wconf 79' lang='lat' dir='ltr'>narrationem.</span> <span class='ocrx_word' id='word_1_149' title='bbox 371 2273 514 2335; x_wconf 87' lang='lat' dir='ltr'>Ordinem</span> <span class='ocrx_word' id='word_1_150' title='bbox 523 2296 579 2336; x_wconf 87' lang='lat' dir='ltr'>au·</span> <span class='ocrx_word' id='word_1_151' title='bbox 621 2275 718 2352; x_wconf 69' lang='lat' dir='ltr'>signat</span> <span class='ocrx_word' id='word_1_152' title='bbox 733 2273 792 2355; x_wconf 87' lang='lat' dir='ltr'>(est</span> <span class='ocrx_word' id='word_1_153' title='bbox 808 2277 886 2336; x_wconf 88' lang='lat' dir='ltr'>enim</span> <span class='ocrx_word' id='word_1_154' title='bbox 898 2277 1082 2356; x_wconf 84' lang='lat' dir='ltr'>Canopicum</span> <span class='ocrx_word' id='word_1_155' title='bbox 1096 2277 1162 2358; x_wconf 86' lang='lat' dir='ltr'>pri·-</span> 
     </span>
     <span class='ocr_line' id='line_1_20' title="bbox 42 2357 1162 2424; baseline 0.01 -11"><span class='ocrx_word' id='word_1_156' title='bbox 42 2365 100 2414; x_wconf 84' lang='lat' dir='ltr'>tem</span> <span class='ocrx_word' id='word_1_157' title='bbox 125 2357 306 2416; x_wconf 83' lang='lat' dir='ltr'>narrationis</span> <span class='ocrx_word' id='word_1_158' title='bbox 335 2357 379 2417; x_wconf 86' lang='lat' dir='ltr'>ita</span> <span class='ocrx_word' id='word_1_159' title='bbox 410 2359 579 2421; x_wconf 83' lang='lat' dir='ltr'>constituit:</span> <span class='ocrx_word' id='word_1_160' title='bbox 620 2380 704 2419; x_wconf 89' lang='lat' dir='ltr'>mum</span> <span class='ocrx_word' id='word_1_161' title='bbox 724 2361 761 2419; x_wconf 89' lang='lat' dir='ltr'>ab</span> <span class='ocrx_word' id='word_1_162' title='bbox 788 2361 965 2420; x_wconf 83' lang='lat' dir='ltr'>occidentali</span> <span class='ocrx_word' id='word_1_163' title='bbox 990 2363 1083 2424; x_wconf 78' lang='lat' dir='ltr'>latere</span> <span class='ocrx_word' id='word_1_164' title='bbox 1103 2364 1162 2424; x_wconf 81' lang='lat' dir='ltr'>Nili</span> 
     </span>
     <span class='ocr_line' id='line_1_21' title="bbox 42 2439 1162 2526; baseline 0.01 -29"><span class='ocrx_word' id='word_1_165' title='bbox 42 2439 207 2499; x_wconf 70' lang='lat' dir='ltr'>Aristaeum</span> <span class='ocrx_word' id='word_1_166' title='bbox 227 2441 336 2522; x_wconf 85' lang='lat' dir='ltr'>Tempe</span> <span class='ocrx_word' id='word_1_167' title='bbox 353 2442 519 2504; x_wconf 74' lang='lat' dir='ltr'>Thessaliae</span> <span class='ocrx_word' id='word_1_168' title='bbox 529 2445 578 2504; x_wconf 81' lang='lat' dir='ltr'>in·</span> <span class='ocrx_word' id='word_1_169' title='bbox 621 2441 761 2526; x_wconf 80' lang='lat' dir='ltr'>ostium);</span> <span class='ocrx_word' id='word_1_170' title='bbox 782 2445 864 2504; x_wconf 90' lang='lat' dir='ltr'>unde</span> <span class='ocrx_word' id='word_1_171' title='bbox 887 2443 1022 2526; x_wconf 76' lang='lat' dir='ltr'>deechyl</span> <span class='ocrx_word' id='word_1_172' title='bbox 1038 2447 1070 2508; x_wconf 93' lang='lat' dir='ltr'>in</span> <span class='ocrx_word' id='word_1_173' title='bbox 1084 2448 1162 2508; x_wconf 84' lang='lat' dir='ltr'>Pro-</span> 
     </span>
     <span class='ocr_line' id='line_1_22' title="bbox 42 2525 1162 2610; baseline 0.007 -24"><span class='ocrx_word' id='word_1_174' title='bbox 42 2526 185 2586; x_wconf 88' lang='lat' dir='ltr'>:olentem</span> <span class='ocrx_word' id='word_1_175' title='bbox 228 2547 318 2606; x_wconf 83' lang='lat' dir='ltr'>epum</span> <span class='ocrx_word' id='word_1_176' title='bbox 352 2529 490 2587; x_wconf 87' lang='lat' dir='ltr'>examina</span> <span class='ocrx_word' id='word_1_177' title='bbox 528 2530 578 2589; x_wconf 91' lang='lat' dir='ltr'>lue</span> <span class='ocrx_word' id='word_1_178' title='bbox 620 2527 714 2590; x_wconf 83' lang='lat' dir='ltr'>meth.</span> <span class='ocrx_word' id='word_1_179' title='bbox 725 2550 758 2589; x_wconf 85' lang='lat' dir='ltr'>v.</span> <span class='ocrx_word' id='word_1_180' title='bbox 770 2527 836 2595; x_wconf 74' lang='lat'>845</span> <span class='ocrx_word' id='word_1_181' title='bbox 860 2529 940 2592; x_wconf 77' lang='grc' dir='ltr'><strong><em>ἔστιν</em></strong></span> <span class='ocrx_word' id='word_1_182' title='bbox 960 2525 1068 2610; x_wconf 76' lang='grc' dir='ltr'><strong><em>πόλις,</em></strong></span> <span class='ocrx_word' id='word_1_183' title='bbox 1092 2527 1162 2594; x_wconf 81' lang='lat' dir='ltr'>Ild-</span> 
     </span>
     <span class='ocr_line' id='line_1_23' title="bbox 42 2607 1161 2696; baseline 0.004 -25"><span class='ocrx_word' id='word_1_184' title='bbox 42 2621 190 2692; x_wconf 74' lang='lat' dir='ltr'>3rassante</span> <span class='ocrx_word' id='word_1_185' title='bbox 207 2611 344 2672; x_wconf 76' lang='lat' dir='ltr'>misisse.</span> <span class='ocrx_word' id='word_1_186' title='bbox 375 2615 578 2692; x_wconf 79' lang='lat' dir='ltr'>conquestum</span> <span class='ocrx_word' id='word_1_187' title='bbox 619 2616 744 2696; x_wconf 74' lang='grc' dir='ltr'><strong><em>νωβος,</em></strong></span> <span class='ocrx_word' id='word_1_188' title='bbox 781 2607 889 2694; x_wconf 67' lang='grc' dir='ltr'><strong><em>ἐσχάτη</em></strong></span> <span class='ocrx_word' id='word_1_189' title='bbox 922 2609 1048 2694; x_wconf 65' lang='grc' dir='ltr'><strong><em>χθονός.</em></strong></span> <span class='ocrx_word' id='word_1_190' title='bbox 1086 2619 1161 2676; x_wconf 86' lang='lat' dir='ltr'>Pel-</span> 
     </span>
     <span class='ocr_line' id='line_1_24' title="bbox 42 2697 1162 2782; baseline 0.003 -24"><span class='ocrx_word' id='word_1_191' title='bbox 42 2698 238 2758; x_wconf 76' lang='lat' dir='ltr'>ealamitatem</span> <span class='ocrx_word' id='word_1_192' title='bbox 261 2698 342 2782; x_wconf 85' lang='lat' dir='ltr'>apud</span> <span class='ocrx_word' id='word_1_193' title='bbox 362 2709 490 2760; x_wconf 83' lang='lat' dir='ltr'>matrem</span> <span class='ocrx_word' id='word_1_194' title='bbox 509 2721 578 2760; x_wconf 87' lang='lat' dir='ltr'>oum</span> <span class='ocrx_word' id='word_1_195' title='bbox 619 2701 738 2774; x_wconf 73' lang='lat' dir='ltr'>laeum,</span> <span class='ocrx_word' id='word_1_196' title='bbox 758 2697 790 2760; x_wconf 87' lang='lat' dir='ltr'>h.</span> <span class='ocrx_word' id='word_1_197' title='bbox 806 2698 1060 2778; x_wconf 78' lang='lat' dir='ltr'>Macedonicum„</span> <span class='ocrx_word' id='word_1_198' title='bbox 1073 2721 1091 2760; x_wconf 83' lang='lat' dir='ltr'>e</span> <span class='ocrx_word' id='word_1_199' title='bbox 1103 2723 1162 2761; x_wconf 88' lang='lat' dir='ltr'>no-</span> 
     </span>
     <span class='ocr_line' id='line_1_25' title="bbox 42 2783 1162 2863; baseline 0.004 -21"><span class='ocrx_word' id='word_1_200' title='bbox 42 2785 134 2858; x_wconf 77' lang='lat' dir='ltr'>daset,</span> <span class='ocrx_word' id='word_1_201' title='bbox 162 2783 200 2842; x_wconf 84' lang='lat' dir='ltr'>ab</span> <span class='ocrx_word' id='word_1_202' title='bbox 218 2783 277 2847; x_wconf 83' lang='lat' dir='ltr'>heo</span> <span class='ocrx_word' id='word_1_203' title='bbox 293 2803 468 2862; x_wconf 79' lang='lat' dir='ltr'>responsum</span> <span class='ocrx_word' id='word_1_204' title='bbox 492 2805 578 2844; x_wconf 82' lang='lat' dir='ltr'>noee-</span> <span class='ocrx_word' id='word_1_205' title='bbox 618 2785 673 2844; x_wconf 90' lang='lat' dir='ltr'>bili</span> <span class='ocrx_word' id='word_1_206' title='bbox 686 2784 876 2844; x_wconf 81' lang='lat' dir='ltr'>Macedoniae</span> <span class='ocrx_word' id='word_1_207' title='bbox 889 2785 965 2844; x_wconf 88' lang='lat' dir='ltr'>urbe</span> <span class='ocrx_word' id='word_1_208' title='bbox 977 2786 1067 2863; x_wconf 85' lang='lat' dir='ltr'>Pella,</span> <span class='ocrx_word' id='word_1_209' title='bbox 1079 2786 1162 2847; x_wconf 87' lang='lat' dir='ltr'>unde</span> 
     </span>
     <span class='ocr_line' id='line_1_26' title="bbox 42 2869 1160 2951; baseline 0.004 -24"><span class='ocrx_word' id='word_1_210' title='bbox 42 2871 104 2950; x_wconf 84' lang='lat' dir='ltr'>pit,</span> <span class='ocrx_word' id='word_1_211' title='bbox 129 2869 269 2934; x_wconf 82' lang='lat' dir='ltr'>Proteum</span> <span class='ocrx_word' id='word_1_212' title='bbox 286 2871 318 2928; x_wconf 90' lang='lat' dir='ltr'>in</span> <span class='ocrx_word' id='word_1_213' title='bbox 331 2871 449 2930; x_wconf 86' lang='lat' dir='ltr'>Pallene</span> <span class='ocrx_word' id='word_1_214' title='bbox 465 2875 528 2936; x_wconf 77' lang='grc'>892</span> <span class='ocrx_word' id='word_1_215' title='bbox 542 2871 580 2930; x_wconf 90' lang='lat' dir='ltr'>de</span> <span class='ocrx_word' id='word_1_216' title='bbox 619 2871 796 2930; x_wconf 82' lang='lat' dir='ltr'>Alexander</span> <span class='ocrx_word' id='word_1_217' title='bbox 827 2871 979 2929; x_wconf 64' lang='lat' dir='ltr'>Pellaeus.</span> <span class='ocrx_word' id='word_1_218' title='bbox 1025 2872 1073 2931; x_wconf 82' lang='lat' dir='ltr'>Ex</span> <span class='ocrx_word' id='word_1_219' title='bbox 1099 2892 1160 2951; x_wconf 90' lang='lat' dir='ltr'>quo</span> 
     </span>
     <span class='ocr_line' id='line_1_27' title="bbox 42 2955 1186 3036; baseline 0.002 -22"><span class='ocrx_word' id='word_1_220' title='bbox 42 2975 142 3014; x_wconf 78' lang='lat' dir='ltr'>nausea</span> <span class='ocrx_word' id='word_1_221' title='bbox 158 2955 229 3014; x_wconf 87' lang='lat' dir='ltr'>mali</span> <span class='ocrx_word' id='word_1_222' title='bbox 249 2964 281 3014; x_wconf 90' lang='lat' dir='ltr'>et</span> <span class='ocrx_word' id='word_1_223' title='bbox 296 2955 411 3016; x_wconf 86' lang='lat' dir='ltr'>medela</span> <span class='ocrx_word' id='word_1_224' title='bbox 425 2977 487 3016; x_wconf 81' lang='lat' dir='ltr'>esee</span> <span class='ocrx_word' id='word_1_225' title='bbox 501 2977 579 3016; x_wconf 85' lang='lat' dir='ltr'>con·</span> <span class='ocrx_word' id='word_1_226' title='bbox 621 2965 723 3016; x_wconf 84' lang='lat' dir='ltr'>autem</span> <span class='ocrx_word' id='word_1_227' title='bbox 744 2963 880 3036; x_wconf 85' lang='lat' dir='ltr'>tempore</span> <span class='ocrx_word' id='word_1_228' title='bbox 899 2955 1077 3018; x_wconf 76' lang='lat' dir='ltr'>Macedones</span> <span class='ocrx_word' id='word_1_229' title='bbox 1100 2958 1161 3016; x_wconf 78' lang='lat' dir='ltr'>de·</span> <span class='ocrx_word' id='word_1_230' title='bbox 1182 3015 1186 3026; x_wconf 82' lang='grc'><em>,</em></span> 
     </span>
     <span class='ocr_line' id='line_1_28' title="bbox 42 3039 1161 3124; baseline 0.004 -24"><span class='ocrx_word' id='word_1_231' title='bbox 42 3039 209 3101; x_wconf 72' lang='lat' dir='ltr'>sulendum.</span> <span class='ocrx_word' id='word_1_232' title='bbox 260 3041 334 3102; x_wconf 77' lang='lat' dir='ltr'>Adit</span> <span class='ocrx_word' id='word_1_233' title='bbox 357 3041 475 3104; x_wconf 78' lang='lat' dir='ltr'>iuvenis</span> <span class='ocrx_word' id='word_1_234' title='bbox 501 3043 580 3104; x_wconf 89' lang='lat' dir='ltr'>Pro·</span> <span class='ocrx_word' id='word_1_235' title='bbox 621 3051 746 3124; x_wconf 80' lang='lat' dir='ltr'>gyptum</span> <span class='ocrx_word' id='word_1_236' title='bbox 781 3041 958 3118; x_wconf 85' lang='lat' dir='ltr'>obtinuere,</span> <span class='ocrx_word' id='word_1_237' title='bbox 996 3063 1014 3102; x_wconf 83' lang='lat' dir='ltr'>e</span> <span class='ocrx_word' id='word_1_238' title='bbox 1042 3043 1161 3124; x_wconf 80' lang='lat' dir='ltr'>regibus</span> 
     </span>
     <span class='ocr_line' id='line_1_29' title="bbox 42 3128 1162 3208; baseline 0.002 -22"><span class='ocrx_word' id='word_1_239' title='bbox 42 3139 123 3186; x_wconf 86' lang='lat' dir='ltr'>teum</span> <span class='ocrx_word' id='word_1_240' title='bbox 139 3146 177 3186; x_wconf 82' lang='lat' dir='ltr'>ex</span> <span class='ocrx_word' id='word_1_241' title='bbox 200 3146 293 3205; x_wconf 88' lang='lat' dir='ltr'>eoque</span> <span class='ocrx_word' id='word_1_242' title='bbox 315 3128 400 3188; x_wconf 84' lang='lat' dir='ltr'>audit</span> <span class='ocrx_word' id='word_1_243' title='bbox 421 3129 500 3190; x_wconf 89' lang='lat' dir='ltr'>luem</span> <span class='ocrx_word' id='word_1_244' title='bbox 520 3129 580 3189; x_wconf 88' lang='lat' dir='ltr'>im·-</span> <span class='ocrx_word' id='word_1_245' title='bbox 621 3129 683 3208; x_wconf 84' lang='lat' dir='ltr'>ipsa</span> <span class='ocrx_word' id='word_1_246' title='bbox 695 3137 777 3188; x_wconf 88' lang='lat' dir='ltr'>terra</span> <span class='ocrx_word' id='word_1_247' title='bbox 792 3129 1016 3206; x_wconf 81' lang='lat' dir='ltr'>Macedonica,</span> <span class='ocrx_word' id='word_1_248' title='bbox 1040 3129 1115 3190; x_wconf 84' lang='lat' dir='ltr'>adeo</span> <span class='ocrx_word' id='word_1_249' title='bbox 1131 3137 1162 3188; x_wconf 89' lang='lat' dir='ltr'>et</span> 
     </span>
     <span class='ocr_line' id='line_1_30' title="bbox 42 3213 1160 3295; baseline 0.002 -23"><span class='ocrx_word' id='word_1_250' title='bbox 42 3213 159 3272; x_wconf 76' lang='lat' dir='ltr'>minam</span> <span class='ocrx_word' id='word_1_251' title='bbox 178 3229 239 3272; x_wconf 83' lang='lat' dir='ltr'>eaee</span> <span class='ocrx_word' id='word_1_252' title='bbox 259 3213 321 3273; x_wconf 81' lang='lat' dir='ltr'>eiua</span> <span class='ocrx_word' id='word_1_253' title='bbox 334 3214 438 3294; x_wconf 80' lang='lat' dir='ltr'>apibus</span> <span class='ocrx_word' id='word_1_254' title='bbox 455 3223 580 3295; x_wconf 82' lang='lat' dir='ltr'>propter</span> <span class='ocrx_word' id='word_1_255' title='bbox 623 3213 768 3290; x_wconf 84' lang='lat' dir='ltr'>Pellaea,</span> <span class='ocrx_word' id='word_1_256' title='bbox 799 3214 942 3294; x_wconf 81' lang='lat' dir='ltr'>appellari</span> <span class='ocrx_word' id='word_1_257' title='bbox 963 3217 1072 3294; x_wconf 79' lang='lat' dir='ltr'>potuit.</span> <span class='ocrx_word' id='word_1_258' title='bbox 1094 3229 1160 3276; x_wconf 81' lang='lat' dir='ltr'>etn-</span> 
     </span>
     <span class='ocr_line' id='line_1_31' title="bbox 42 3299 1162 3380; baseline 0.002 -22"><span class='ocrx_word' id='word_1_259' title='bbox 42 3305 187 3358; x_wconf 84' lang='lat' dir='ltr'>tentatam</span> <span class='ocrx_word' id='word_1_260' title='bbox 202 3299 239 3358; x_wconf 87' lang='lat' dir='ltr'>ab</span> <span class='ocrx_word' id='word_1_261' title='bbox 253 3319 288 3356; x_wconf 92' lang='lat' dir='ltr'>eo</span> <span class='ocrx_word' id='word_1_262' title='bbox 305 3299 493 3379; x_wconf 73' lang='lat' dir='ltr'>Eurydicen,</span> <span class='ocrx_word' id='word_1_263' title='bbox 516 3301 579 3360; x_wconf 86' lang='lat' dir='ltr'>Or·</span> <span class='ocrx_word' id='word_1_264' title='bbox 618 3311 766 3380; x_wconf 73' lang='lat' dir='ltr'>guantone</span> <span class='ocrx_word' id='word_1_265' title='bbox 803 3319 860 3379; x_wconf 85' lang='lat' dir='ltr'>pro</span> <span class='ocrx_word' id='word_1_266' title='bbox 890 3299 1051 3361; x_wconf 84' lang='lat' dir='ltr'>inundanti</span> <span class='ocrx_word' id='word_1_267' title='bbox 1082 3301 1162 3362; x_wconf 79' lang='lat' dir='ltr'>dixit</span> 
     </span>
     <span class='ocr_line' id='line_1_32' title="bbox 42 3383 1161 3466; baseline 0.009 -24"><span class='ocrx_word' id='word_1_268' title='bbox 42 3383 111 3466; x_wconf 87' lang='lat' dir='ltr'>phei</span> <span class='ocrx_word' id='word_1_269' title='bbox 125 3384 294 3462; x_wconf 80' lang='lat' dir='ltr'>coniugem5</span> <span class='ocrx_word' id='word_1_270' title='bbox 322 3385 505 3464; x_wconf 84' lang='lat' dir='ltr'>expiandum</span> <span class='ocrx_word' id='word_1_271' title='bbox 518 3405 579 3446; x_wconf 81' lang='lat' dir='ltr'>esee</span> <span class='ocrx_word' id='word_1_272' title='bbox 620 3385 737 3466; x_wconf 85' lang='lat' dir='ltr'>poetico</span> <span class='ocrx_word' id='word_1_273' title='bbox 756 3404 829 3444; x_wconf 81' lang='lat' dir='ltr'>usu:</span> <span class='ocrx_word' id='word_1_274' title='bbox 858 3385 900 3448; x_wconf 73' lang='lat' dir='ltr'>sic</span> <span class='ocrx_word' id='word_1_275' title='bbox 918 3387 1032 3446; x_wconf 72' lang='lat' dir='ltr'>anan.</span> <span class='ocrx_word' id='word_1_276' title='bbox 1048 3385 1083 3462; x_wconf 84' lang='lat'>11,</span> <span class='ocrx_word' id='word_1_277' title='bbox 1096 3385 1161 3452; x_wconf 83' lang='lat'>417</span> 
     </span>
     <span class='ocr_line' id='line_1_33' title="bbox 42 3469 1161 3554; baseline 0 -24"><span class='ocrx_word' id='word_1_278' title='bbox 42 3469 185 3547; x_wconf 80' lang='lat' dir='ltr'>flagitium</span> <span class='ocrx_word' id='word_1_279' title='bbox 197 3479 230 3528; x_wconf 88' lang='lat' dir='ltr'>et</span> <span class='ocrx_word' id='word_1_280' title='bbox 237 3469 412 3550; x_wconf 86' lang='lat' dir='ltr'>placandam</span> <span class='ocrx_word' id='word_1_281' title='bbox 420 3470 578 3554; x_wconf 87' lang='lat' dir='ltr'>Nympha·</span> <span class='ocrx_word' id='word_1_282' title='bbox 621 3470 659 3530; x_wconf 87' lang='lat' dir='ltr'>de</span> <span class='ocrx_word' id='word_1_283' title='bbox 680 3471 784 3530; x_wconf 88' lang='lat' dir='ltr'>eodem</span> <span class='ocrx_word' id='word_1_284' title='bbox 804 3471 872 3530; x_wconf 90' lang='lat' dir='ltr'>Nilo</span> <span class='ocrx_word' id='word_1_285' title='bbox 888 3493 999 3550; x_wconf 83' lang='lat' dir='ltr'>-per</span> <span class='ocrx_word' id='word_1_286' title='bbox 1027 3471 1161 3550; x_wconf 55' lang='lat' dir='ltr'>Libycae</span> 
     </span>
     <span class='ocr_line' id='line_1_34' title="bbox 42 3553 1208 3636; baseline 0 -20"><span class='ocrx_word' id='word_1_287' title='bbox 42 3575 110 3616; x_wconf 83' lang='lat' dir='ltr'>rum</span> <span class='ocrx_word' id='word_1_288' title='bbox 130 3555 213 3616; x_wconf 80' lang='lat' dir='ltr'>irem.</span> <span class='ocrx_word' id='word_1_289' title='bbox 264 3555 343 3615; x_wconf 82' lang='lat' dir='ltr'>Tum</span> <span class='ocrx_word' id='word_1_290' title='bbox 368 3557 521 3616; x_wconf 69' lang='lat' dir='ltr'>Aristaeus</span> <span class='ocrx_word' id='word_1_291' title='bbox 545 3556 579 3616; x_wconf 89' lang='lat' dir='ltr'>in</span> <span class='ocrx_word' id='word_1_292' title='bbox 621 3557 718 3614; x_wconf 67' lang='lat' dir='ltr'>Nilus</span> <span class='ocrx_word' id='word_1_293' title='bbox 751 3569 907 3636; x_wconf 62' lang='lat' dir='ltr'>atowe</span> <span class='ocrx_word' id='word_1_294' title='bbox 936 3577 1056 3614; x_wconf 75' lang='lat' dir='ltr'>arenae.</span> <span class='ocrx_word' id='word_1_295' title='bbox 1092 3555 1161 3616; x_wconf 76' lang='lat' dir='ltr'>Alie</span> <span class='ocrx_word' id='word_1_296' title='bbox 1202 3553 1208 3576; x_wconf 74' lang='grc'><strong>“</strong></span> 
     </span>
     <span class='ocr_line' id='line_1_35' title="bbox 42 3639 1160 3724; baseline -0.002 -22"><span class='ocrx_word' id='word_1_297' title='bbox 42 3641 221 3702; x_wconf 78' lang='lat' dir='ltr'>Thessaliam</span> <span class='ocrx_word' id='word_1_298' title='bbox 235 3639 335 3701; x_wconf 78' lang='lat' dir='ltr'>redux</span> <span class='ocrx_word' id='word_1_299' title='bbox 351 3662 469 3702; x_wconf 83' lang='lat' dir='ltr'>eaerum</span> <span class='ocrx_word' id='word_1_300' title='bbox 481 3651 578 3722; x_wconf 82' lang='lat' dir='ltr'>parat,</span> <span class='ocrx_word' id='word_1_301' title='bbox 621 3641 683 3702; x_wconf 74' lang='lat' dir='ltr'>viu</span> <span class='ocrx_word' id='word_1_302' title='bbox 697 3641 778 3724; x_wconf 82' lang='lat' dir='ltr'>apud</span> <span class='ocrx_word' id='word_1_303' title='bbox 794 3639 931 3700; x_wconf 86' lang='lat' dir='ltr'>Cerdam.</span> <span class='ocrx_word' id='word_1_304' title='bbox 974 3641 1013 3700; x_wconf 85' lang='lat' dir='ltr'>Et</span> <span class='ocrx_word' id='word_1_305' title='bbox 1027 3661 1097 3700; x_wconf 84' lang='lat' dir='ltr'>eene</span> <span class='ocrx_word' id='word_1_306' title='bbox 1111 3642 1160 3721; x_wconf 79' lang='lat' dir='ltr'>ef-</span> 
     </span>
     <span class='ocr_line' id='line_1_36' title="bbox 42 3725 1188 3808; baseline -0.001 -20"><span class='ocrx_word' id='word_1_307' title='bbox 42 3747 140 3788; x_wconf 80' lang='lat' dir='ltr'>oaesas</span> <span class='ocrx_word' id='word_1_308' title='bbox 160 3725 305 3808; x_wconf 78' lang='lat' dir='ltr'>Nymphis</span> <span class='ocrx_word' id='word_1_309' title='bbox 323 3727 459 3787; x_wconf 82' lang='lat' dir='ltr'>victimae</span> <span class='ocrx_word' id='word_1_310' title='bbox 477 3729 509 3788; x_wconf 88' lang='lat' dir='ltr'>in</span> <span class='ocrx_word' id='word_1_311' title='bbox 522 3747 580 3788; x_wconf 84' lang='lat' dir='ltr'>ne-</span> <span class='ocrx_word' id='word_1_312' title='bbox 613 3725 691 3806; x_wconf 76' lang='lat' dir='ltr'>fueo</span> <span class='ocrx_word' id='word_1_313' title='bbox 698 3729 831 3806; x_wconf 67' lang='lat' dir='ltr'>sternunt</span> <span class='ocrx_word' id='word_1_314' title='bbox 846 3733 963 3804; x_wconf 77' lang='lat' dir='ltr'>stagnat</span> <span class='ocrx_word' id='word_1_315' title='bbox 975 3727 1095 3804; x_wconf 80' lang='lat' dir='ltr'>aquein</span> <span class='ocrx_word' id='word_1_316' title='bbox 1110 3727 1160 3787; x_wconf 89' lang='lat' dir='ltr'>lo-</span> <span class='ocrx_word' id='word_1_317' title='bbox 1183 3755 1188 3772; x_wconf 77' lang='lat'>=</span> 
     </span>
     <span class='ocr_line' id='line_1_37' title="bbox 42 3809 1161 3896; baseline -0.002 -22"><span class='ocrx_word' id='word_1_318' title='bbox 42 3833 126 3874; x_wconf 84' lang='lat' dir='ltr'>more</span> <span class='ocrx_word' id='word_1_319' title='bbox 147 3813 265 3872; x_wconf 75' lang='lat' dir='ltr'>relietea</span> <span class='ocrx_word' id='word_1_320' title='bbox 283 3813 384 3892; x_wconf 82' lang='lat' dir='ltr'>paullo</span> <span class='ocrx_word' id='word_1_321' title='bbox 404 3822 473 3896; x_wconf 82' lang='lat' dir='ltr'>poet</span> <span class='ocrx_word' id='word_1_322' title='bbox 497 3814 581 3873; x_wconf 85' lang='lat' dir='ltr'>revi-</span> <span class='ocrx_word' id='word_1_323' title='bbox 623 3812 664 3871; x_wconf 85' lang='lat' dir='ltr'>cia</span> <span class='ocrx_word' id='word_1_324' title='bbox 676 3809 798 3888; x_wconf 79' lang='lat' dir='ltr'>vicinia,</span> <span class='ocrx_word' id='word_1_325' title='bbox 823 3811 878 3870; x_wconf 78' lang='lat' dir='ltr'>eni</span> <span class='ocrx_word' id='word_1_326' title='bbox 897 3809 962 3890; x_wconf 83' lang='lat' dir='ltr'>ipeo</span> <span class='ocrx_word' id='word_1_327' title='bbox 984 3811 1069 3872; x_wconf 84' lang='lat' dir='ltr'>alveo</span> <span class='ocrx_word' id='word_1_328' title='bbox 1083 3833 1161 3891; x_wconf 83' lang='lat' dir='ltr'>aqua</span> 
     </span>
     <span class='ocr_line' id='line_1_38' title="bbox 42 3895 1160 3979; baseline -0.002 -20"><span class='ocrx_word' id='word_1_329' title='bbox 42 3919 124 3975; x_wconf 79' lang='lat' dir='ltr'>seue,</span> <span class='ocrx_word' id='word_1_330' title='bbox 147 3917 235 3979; x_wconf 86' lang='lat' dir='ltr'>apum</span> <span class='ocrx_word' id='word_1_331' title='bbox 250 3898 386 3958; x_wconf 82' lang='lat' dir='ltr'>examine</span> <span class='ocrx_word' id='word_1_332' title='bbox 403 3919 441 3959; x_wconf 83' lang='lat' dir='ltr'>ex</span> <span class='ocrx_word' id='word_1_333' title='bbox 453 3899 580 3961; x_wconf 73' lang='lat' dir='ltr'>visoeri-</span> <span class='ocrx_word' id='word_1_334' title='bbox 622 3897 817 3957; x_wconf 82' lang='lat' dir='ltr'>concitatiore</span> <span class='ocrx_word' id='word_1_335' title='bbox 832 3913 923 3956; x_wconf 81' lang='lat' dir='ltr'>curm</span> <span class='ocrx_word' id='word_1_336' title='bbox 943 3895 1049 3958; x_wconf 81' lang='lat' dir='ltr'>fertur.</span> <span class='ocrx_word' id='word_1_337' title='bbox 1065 3901 1160 3976; x_wconf 67' lang='lat' dir='ltr'>piena</span> 
     </span>
     <span class='ocr_line' id='line_1_39' title="bbox 42 3979 1159 4066; baseline -0.003 -20"><span class='ocrx_word' id='word_1_338' title='bbox 42 3987 99 4046; x_wconf 88' lang='lat' dir='ltr'>bue</span> <span class='ocrx_word' id='word_1_339' title='bbox 112 3994 257 4066; x_wconf 86' lang='lat' dir='ltr'>prognata</span> <span class='ocrx_word' id='word_1_340' title='bbox 271 3985 364 4045; x_wconf 76' lang='lat' dir='ltr'>videt</span> <span class='ocrx_word' id='word_1_341' title='bbox 612 3982 746 4063; x_wconf 69' lang='lat' dir='ltr'>faaelie,</span> <span class='ocrx_word' id='word_1_342' title='bbox 775 3979 893 4064; x_wconf 84' lang='lat' dir='ltr'>pulcre,</span> <span class='ocrx_word' id='word_1_343' title='bbox 920 4001 991 4042; x_wconf 88' lang='lat' dir='ltr'>nam</span> <span class='ocrx_word' id='word_1_344' title='bbox 1011 3980 1071 4042; x_wconf 84' lang='lat' dir='ltr'>hoc</span> <span class='ocrx_word' id='word_1_345' title='bbox 1085 4003 1159 4064; x_wconf 88' lang='lat' dir='ltr'>pro-</span> 
     </span>
     <span class='ocr_line' id='line_1_40' title="bbox 63 4067 1159 4149; baseline 0 -21"><span class='ocrx_word' id='word_1_346' title='bbox 63 4073 64 4078; x_wconf 72' lang='grc'>’</span> <span class='ocrx_word' id='word_1_347' title='bbox 621 4070 733 4149; x_wconf 81' lang='lat' dir='ltr'>pn&#39;um.</span> <span class='ocrx_word' id='word_1_348' title='bbox 747 4067 977 4147; x_wconf 80' lang='lat' dir='ltr'>Aegyptiorum,</span> <span class='ocrx_word' id='word_1_349' title='bbox 1013 4069 1159 4147; x_wconf 85' lang='lat' dir='ltr'>quemad-</span> 
     </span>
    </p>

    <p class='ocr_par' dir='ltr' id='par_1_10' title="bbox 42 4151 1205 4576">
     <span class='ocr_line' id='line_1_41' title="bbox 86 4151 1160 4231; baseline -0.006 -11"><span class='ocrx_word' id='word_1_350' title='bbox 86 4157 281 4220; x_wconf 73' lang='lat' dir='ltr'>eet—298.</span> <span class='ocrx_word' id='word_1_351' title='bbox 303 4151 333 4212; x_wconf 73' lang='lat' dir='ltr'>ln</span> <span class='ocrx_word' id='word_1_352' title='bbox 347 4171 401 4231; x_wconf 87' lang='lat' dir='ltr'>per</span> <span class='ocrx_word' id='word_1_353' title='bbox 414 4161 509 4212; x_wconf 83' lang='lat' dir='ltr'>totam</span> <span class='ocrx_word' id='word_1_354' title='bbox 523 4151 580 4213; x_wconf 73' lang='lat' dir='ltr'>Ae.</span> <span class='ocrx_word' id='word_1_355' title='bbox 621 4154 746 4214; x_wconf 85' lang='lat' dir='ltr'>modum</span> <span class='ocrx_word' id='word_1_356' title='bbox 765 4172 803 4212; x_wconf 81' lang='lat' dir='ltr'>ex</span> <span class='ocrx_word' id='word_1_357' title='bbox 816 4152 946 4212; x_wconf 85' lang='lat' dir='ltr'>Diodoro</span> <span class='ocrx_word' id='word_1_358' title='bbox 964 4153 1016 4212; x_wconf 91' lang='lat' dir='ltr'>lib.</span> <span class='ocrx_word' id='word_1_359' title='bbox 1030 4155 1052 4226; x_wconf 90' lang='lat'>1,</span> <span class='ocrx_word' id='word_1_360' title='bbox 1066 4158 1108 4220; x_wconf 85' lang='lat'>98</span> <span class='ocrx_word' id='word_1_361' title='bbox 1129 4163 1160 4214; x_wconf 88' lang='lat' dir='ltr'>et</span> 
     </span>
     <span class='ocr_line' id='line_1_42' title="bbox 42 4237 1205 4323; baseline -0.001 -22"><span class='ocrx_word' id='word_1_362' title='bbox 42 4251 175 4323; x_wconf 83' lang='lat' dir='ltr'>gyptnm.</span> <span class='ocrx_word' id='word_1_363' title='bbox 217 4239 418 4317; x_wconf 87' lang='lat' dir='ltr'>Interpretum</span> <span class='ocrx_word' id='word_1_364' title='bbox 438 4247 580 4299; x_wconf 76' lang='lat' dir='ltr'>aestuan-</span> <span class='ocrx_word' id='word_1_365' title='bbox 621 4238 777 4300; x_wconf 86' lang='lat' dir='ltr'>Herodoto</span> <span class='ocrx_word' id='word_1_366' title='bbox 798 4237 842 4313; x_wconf 90' lang='grc' dir='ltr'>Π,</span> <span class='ocrx_word' id='word_1_367' title='bbox 866 4241 917 4302; x_wconf 85' lang='grc'>96.</span> <span class='ocrx_word' id='word_1_368' title='bbox 937 4241 980 4304; x_wconf 88' lang='grc'>97</span> <span class='ocrx_word' id='word_1_369' title='bbox 1000 4241 1159 4301; x_wconf 73' lang='lat' dir='ltr'>satiamu-</span> <span class='ocrx_word' id='word_1_370' title='bbox 1198 4283 1205 4294; x_wconf 86' lang='lat'>.</span> 
     </span>
     <span class='ocr_line' id='line_1_43' title="bbox 42 4323 1158 4404; baseline -0.003 -17"><span class='ocrx_word' id='word_1_371' title='bbox 42 4329 121 4388; x_wconf 86' lang='lat' dir='ltr'>tium</span> <span class='ocrx_word' id='word_1_372' title='bbox 143 4333 268 4388; x_wconf 73' lang='lat' dir='ltr'>conatus</span> <span class='ocrx_word' id='word_1_373' title='bbox 287 4341 518 4384; x_wconf 85' lang='lat' dir='ltr'>oommemorare</span> <span class='ocrx_word' id='word_1_374' title='bbox 537 4325 581 4384; x_wconf 87' lang='lat' dir='ltr'>nil</span> <span class='ocrx_word' id='word_1_375' title='bbox 621 4333 697 4399; x_wconf 79' lang='lat' dir='ltr'>atat,</span> <span class='ocrx_word' id='word_1_376' title='bbox 724 4333 762 4382; x_wconf 91' lang='lat' dir='ltr'>ut</span> <span class='ocrx_word' id='word_1_377' title='bbox 782 4333 865 4383; x_wconf 85' lang='lat' dir='ltr'>certo</span> <span class='ocrx_word' id='word_1_378' title='bbox 885 4323 1090 4388; x_wconf 82' lang='lat' dir='ltr'>naviuularum</span> <span class='ocrx_word' id='word_1_379' title='bbox 1105 4345 1158 4404; x_wconf 79' lang='lat' dir='ltr'>ge-</span> 
     </span>
     <span class='ocr_line' id='line_1_44' title="bbox 42 4409 1159 4492; baseline -0.003 -19"><span class='ocrx_word' id='word_1_380' title='bbox 42 4414 159 4473; x_wconf 82' lang='lat' dir='ltr'>attinet</span> <span class='ocrx_word' id='word_1_381' title='bbox 190 4410 350 4471; x_wconf 72' lang='lat' dir='ltr'>Videamus</span> <span class='ocrx_word' id='word_1_382' title='bbox 363 4409 484 4488; x_wconf 81' lang='lat' dir='ltr'>singula.</span> <span class='ocrx_word' id='word_1_383' title='bbox 504 4429 582 4488; x_wconf 76' lang='lat' dir='ltr'>gean</span> <span class='ocrx_word' id='word_1_384' title='bbox 622 4429 710 4485; x_wconf 88' lang='lat' dir='ltr'>nere,</span> <span class='ocrx_word' id='word_1_385' title='bbox 737 4411 832 4470; x_wconf 75' lang='lat' dir='ltr'>Baria</span> <span class='ocrx_word' id='word_1_386' title='bbox 854 4427 962 4469; x_wconf 87' lang='lat' dir='ltr'>nornen</span> <span class='ocrx_word' id='word_1_387' title='bbox 986 4419 1054 4473; x_wconf 83' lang='lat' dir='ltr'>erat</span> <span class='ocrx_word' id='word_1_388' title='bbox 1066 4453 1076 4488; x_wconf 91' lang='lat'><em>,</em></span> <span class='ocrx_word' id='word_1_389' title='bbox 1103 4429 1159 4492; x_wconf 89' lang='lat' dir='ltr'>per</span> 
     </span>
     <span class='ocr_line' id='line_1_45' title="bbox 42 4493 946 4576; baseline -0.008 -14"><span class='ocrx_word' id='word_1_390' title='bbox 42 4499 220 4576; x_wconf 57' lang='lat' dir='ltr'>finanum,</span> <span class='ocrx_word' id='word_1_391' title='bbox 252 4517 270 4556; x_wconf 83' lang='lat' dir='ltr'>e</span> <span class='ocrx_word' id='word_1_392' title='bbox 295 4505 395 4556; x_wconf 75' lang='lat' dir='ltr'>terrae</span> <span class='ocrx_word' id='word_1_393' title='bbox 419 4495 578 4572; x_wconf 80' lang='lat' dir='ltr'>felicitate,</span> <span class='ocrx_word' id='word_1_394' title='bbox 621 4495 723 4556; x_wconf 87' lang='lat' dir='ltr'>Nilum</span> <span class='ocrx_word' id='word_1_395' title='bbox 735 4493 946 4558; x_wconf 68' lang='lat' dir='ltr'>damnent„</span> 
     </span>
    </p>
   </div>
   <div class='ocr_carea' id='block_1_7' title="bbox 768 4595 953 4668">
    <p class='ocr_par' dir='ltr' id='par_1_11' title="bbox 768 4595 953 4668">
     <span class='ocr_line' id='line_1_46' title="bbox 768 4595 953 4668; baseline -0.005 -1"><span class='ocrx_word' id='word_1_396' title='bbox 768 4619 771 4626; x_wconf 88' lang='lat'>·</span> <span class='ocrx_word' id='word_1_397' title='bbox 871 4595 953 4668; x_wconf 76' lang='lat'>41*</span> 
     </span>
    </p>
   </div>
   <div class='ocr_carea' id='block_1_8' title="bbox 0 0 1384 4990">
    <p class='ocr_par' dir='ltr' id='par_1_12' title="bbox 0 0 1384 4990">
     <span class='ocr_line' id='line_1_47' title="bbox 0 0 1384 4990; baseline 0 0"><span class='ocrx_word' id='word_1_398' title='bbox 0 0 1384 4990; x_wconf 95' lang='lat' dir='ltr'> </span> 
     </span>
    </p>
   </div>
  </div>
 </body>
</html>
