2816 4990
221 325 226 340 Ι
279 409 283 416 ·
317 387 591 460 PHILIPPI
616 387 917 464 WAGNERI.
1110 411 1180 460 xxv

110 575 332 682 πψράματα,
364 593 418 660 ut
444 575 537 662 Ecl.
555 574 606 680 11,
625 585 667 666 7.
685 592 728 659 st
753 584 824 666 27.
848 575 944 660 Not.
961 573 1079 680 v111,
1107 585 1178 668 37.

109 689 166 774 lot.
182 687 249 776 Ge.
268 690 304 800 I,
321 700 443 786 284.
480 693 535 778 V.
561 693 611 777 L.
639 696 740 785 395.
771 711 812 778 et
841 701 940 786 396.
970 692 1025 776 V.
1047 693 1099 778 L.
1124 694 1179 802 II,

112 811 150 896 tt.
169 807 248 892 Not.
304 811 415 896 Alia
446 811 699 901 emendavit
718 811 927 896 Lorenzii
950 811 1179 927 sagacitas.

170 921 369 1013 Celentm
391 931 492 1014 iam
515 959 637 1016 nunc
666 927 909 1042 quaedam,
935 958 1050 1042 quae
1072 930 1181 1015 scri-

98 1041 158 1160 psi,
181 1046 215 1127 si
239 1046 422 1152 liceret,
451 1065 747 1133 retractarem.
808 1047 860 1131 In
881 1047 973 1132 Not.
1002 1047 1059 1132 ad
1084 1047 1180 1132 Ecl.

94 1161 181 1264 lii.
198 1164 380 1274 fluctus,
415 1182 467 1248 ut
489 1167 635 1272 aiunt,
666 1167 715 1249 in
742 1167 934 1282 simpulo
964 1166 1179 1249 excitasse

91 1279 172 1362 milti
196 1281 362 1367 videor.
427 1281 498 1368 De
524 1280 602 1368 Ge.
621 1282 663 1388 I,
694 1291 789 1374 142.
821 1311 937 1395 quae
968 1281 1017 1364 in
1045 1281 1099 1365 V.
1129 1281 1181 1365 L.

91 1398 131 1480 sd
154 1399 191 1480 ln
217 1400 243 1482 l.
283 1399 538 1518 disputari,
575 1403 814 1518 repudiata
844 1399 1015 1483 videbis
1046 1399 1096 1481 in
1126 1395 1181 1502 Q.

89 1511 125 1598 Ι.
137 1513 369 1624 XXXIIII,
388 1528 458 1623 23
481 1545 758 1632 quamquam
776 1517 886 1604 illud
904 1533 1077 1622 manet,
1106 1543 1183 1600 co-

88 1635 208 1749 pulam
236 1663 315 1749 que
348 1664 379 1720 a
412 1635 598 1752 Virgilio
629 1666 721 1720 non
759 1635 946 1750 adinngi
984 1633 1181 1718 secundo

87 1751 234 1835 tertiove
255 1755 501 1839 vocabulo.
537 1753 592 1838 Et
610 1772 712 1840 sunt
734 1755 905 1870 integra
926 1752 991 1836 ibi
1016 1752 1181 1858 omnia,

88 1869 178 1979 qnod
205 1869 600 1956 addubitaveram.
647 1871 737 1956 Ecl.
763 1871 847 1978 IV,
878 1879 947 1962 63.
978 1899 1072 1953 non
1104 1867 1183 1952 de-

87 1985 239 2072 bueram
256 1989 443 2074 silentio
457 1990 712 2106 praeterire,
737 1990 859 2104 quod
874 1989 923 2072 in
939 1955 1182 2074 cofflom.

85 2103 213 2217 legitur
242 2109 345 2190 Non
377 2106 493 2192 deus.
552 2107 628 2193 Atl
657 2106 749 2192 Ecl.
773 2107 889 2213 VIII,
916 2113 957 2196 4.
986 2133 1184 2190 comme-

85 2223 274 2308 moranda
285 2239 389 2308 erat
409 2224 662 2340 disputatio,
680 2253 817 2337 quam
833 2222 1020 2309 instituit
1033 2223 1100 2307 Fr.
1112 2221 1184 2306 Ia·

86 2340 147 2422 coh
163 2339 217 2423 ad
232 2339 442 2458 Propert.
469 2341 544 2448 III,
567 2347 636 2440 15.
655 2347 746 2450 254
778 2341 858 2428 scd
878 2369 994 2455 quae
1011 2340 1077 2424 ibi
1092 2339 1184 2424 dis-

85 2455 191 2540 sentit
225 2455 312 2543 Vir
354 2458 654 2566 doctissimus,
694 2487 747 2545 ea
783 2489 869 2545 nec
912 2459 1052 2563 mihi,
1097 2485 1182 2542 nee

85 2567 240 2660 Censori
274 2575 508 2694 Lipsiensi
540 2579 589 2662 in
622 2577 747 2663 Diar.
785 2579 848 2662 lit.
885 2585 1010 2670 1830.
1043 2603 1087 2658 n.
1112 2575 1183 2666 65.

107 2693 220 2782 oto.
237 2723 338 2806 sqq.
357 2695 574 2808 probavit.
615 2691 746 2800 Quae
773 2694 867 2779 Ecl.
887 2695 949 2801 X,
973 2702 1038 2784 19.
1056 2692 1104 2774 in
1128 2691 1183 2774 V.

82 2719 120 2890 I.
144 2808 391 2928 disputavi,
432 2839 485 2896 ea
524 2815 695 2929 egregie
734 2812 905 2896 firmari
945 2839 1077 2896 versu
1099 2819 1184 2913 23..

82 2927 205 3012 nescio
236 2959 329 3042 quo
365 2956 477 3014 casu
504 2947 657 3016 notare
687 2929 876 3045 neglexi.

178 3283 237 3368 At
267 3282 365 3389 Tu,
397 3284 495 3400 pia,
527 3284 721 3369 candida
753 3282 904 3368 anima
929 3279 1116 3397 Heynii,
1147 3283 1186 3364 si

84 3399 173 3508 quid
199 3402 451 3488 etiamnum
473 3403 607 3487 hasce
629 3431 699 3486 res
723 3415 967 3516 respectas,
990 3399 1184 3516 ignosce,

84 3543 254 3624 quaeso,
286 3518 329 3604 si
357 3519 538 3629 quando
562 3523 673 3603 forte
706 3517 831 3602 aliud
862 3544 995 3632 agens
1025 3517 1186 3601 immo-

84 3630 226 3718 destius
264 3635 504 3750 quidpiam
534 3637 744 3721 adversus
781 3632 848 3718 Te
878 3634 1185 3751 pronuntiavi;

84 3745 262 3860 ignosce,
293 3751 338 3835 si
364 3753 473 3863 quid
495 3753 727 3870 indignum
744 3769 866 3836 tanto
887 3752 1068 3835 nomine
1087 3769 1187 3836 tan-

84 3879 197 3978 taque
234 3869 407 3985 glorIa,
449 3872 575 3955 ouius
611 3901 705 3956 non
740 3869 975 3954 minimam
1013 3886 1186 3986 partem

83 3979 200 4070 debes
231 3983 393 4070 studio
425 3985 469 4068 in
497 3989 565 4072 his
603 3987 876 4073 carminibus
914 3987 1186 4071 illustrandis

83 4101 227 4211 posito,
261 4125 375 4184 mea
394 4105 568 4214 protulit
587 4105 881 4190 mediocritas.
943 4100 1070 4189 Certe
1093 4131 1186 4216 ego,

84 4242 205 4324 quum
227 4215 420 4302 difficile
448 4221 519 4326 sit,
548 4249 641 4306 una
670 4223 719 4306 in
747 4252 795 4305 re
826 4221 1065 4326 excellere,
1096 4250 1189 4320 non

82 4359 256 4444 possum
299 4330 407 4413 satis
442 4335 650 4427 admirari
683 4340 775 4424 vim
797 4366 951 4488 prope
990 4337 1188 4422 divinam
1256 4335 1259 4342 ’
