2784 4988
301 361 578 463 ruarmo
612 381 938 462 nn1r10u1s
1086 405 1184 464 rm

68 661 72 668 ,
97 569 233 650 andlose
251 569 448 650 declaravi
479 569 632 650 diversa
650 569 813 650 diversis
837 569 1008 650 consiliis
1026 595 1184 652 accom-

96 691 218 770 modata
238 691 541 800 commentandi
561 713 731 790 genera,
763 705 804 770 et
824 691 1103 784 locumsuum
1124 720 1184 772 as-
1212 774 1216 783 ,

94 815 205 912 signavi
216 814 306 892 buic
319 827 483 909 nostro;
508 813 732 890 memoravi
752 824 937 917 quoque,
965 815 1185 918 quamlau-
1223 843 1237 850 ·

95 934 163 1012 d·
177 933 346 1014 studium
379 933 563 1013 vertendi
589 935 630 1010 in
659 933 917 1014 vemaorlum
938 960 1184 1038 sermonem,

94 1068 218 1158 atquas
240 1057 563 1159 opportunitates
588 1069 629 1134 et
658 1056 874 1135 commoda
904 1056 1005 1134 illud
1026 1057 1184 1158 habeat,

92 1173 254 1252 interdurn
290 1176 344 1252 ad
380 1177 506 1280 ipsam
540 1177 878 1278 interpretationis
905 1177 1184 1273 subiditatem3

91 1320 144 1372 nec
161 1298 319 1374 omnino
336 1296 438 1374 illud
458 1295 632 1374 multum
652 1297 701 1374 ab
717 1300 976 1376 annotatione
989 1311 1185 1402 perpetua

91 1415 266 1520 discrepat,
292 1417 439 1496 saltem
455 1431 651 1522 quatenus
663 1444 800 1498 veram
817 1421 987 1498 auctoris
1002 1433 1185 1497 mentem

90 1552 276 1633 amamur
288 1541 333 1618 in
348 1553 525 1643 utroque
538 1540 744 1620 redditum
759 1565 845 1622 esse
862 1540 1060 1620 volumus.

162 1661 479 1764 Descriptionem
502 1687 652 1766 operae
671 1687 788 1742 meae
817 1677 859 1740 et
880 1659 1092 1741 consilium
1118 1685 1184 1738 ex-

89 1783 175 1881 posui
185 1783 223 1859 in
232 1781 550 1886 praefationibus
566 1784 820 1885 superiorum
834 1783 1071 1881 editionum,
1086 1807 1187 1886 quas

91 1903 341 2002 sarlatenses,
373 1917 421 1986 ut
435 1902 501 1980 hic
514 1905 662 1984 iterum
680 1927 950 2008 apponerem,
972 1927 1184 1982 necessum

90 2047 152 2102 esse
167 2025 264 2125 ridi,
297 2039 391 2102 tum
420 2024 463 2100 in
488 2025 762 2128 disquisitione
783 2025 837 2104 de
857 2026 1044 2107 Carmine
1067 2027 1184 2128 epico

91 2145 210 2224 etaliis
231 2149 384 2250 passim
408 2145 526 2244 locis,
568 2170 672 2248 quae
701 2147 748 2222 iis
772 2146 912 2226 saltem
937 2146 1184 2250 inspicienda

91 2281 189 2366 aaut,
219 2270 288 2371 qni
311 2267 466 2346 indices
488 2264 630 2344 sedere
650 2279 691 2345 et
711 2267 763 2346 de
777 2293 938 2348 summa·
951 2268 1085 2372 operis
1105 2267 1184 2346 cal-

90 2386 173 2465 culos
190 2387 298 2468 ferre
318 2387 522 2468 volebant.
572 2393 689 2468 Nunc
711 2391 843 2494 itaque
864 2415 949 2468 nou
972 2389 1185 2492 nisipauca

90 2508 334 2611 subiungenda
348 2523 443 2588 sunt
455 2509 508 2588 de
523 2507 700 2588 editione
711 2510 787 2594 hac
798 2535 920 2592 novar
937 2512 1047 2590 cuius
1060 2535 1184 2589 oume

91 2629 265 2710 consilium
281 2630 656 2712 debeturlbitschio
670 2645 821 2732 nostro,
847 2633 933 2710 viro
947 2630 1185 2730 intelligenti

91 2751 281 2852 etsollerti,
306 2755 526 2855 bonaeque
544 2752 672 2832 laudis
686 2753 854 2855 cupido:
881 2753 1060 2856 quicum
1073 2753 1116 2830 in
1130 2749 1186 2828 al-

91 2883 149 2948 tera
175 2875 352 2954 editione
379 2873 612 2952 adornanda
640 2873 1038 2977 exemplaria'multis
1068 2895 1186 2952 orna-

90 2997 221 3093 mentis,
258 3009 501 3096 argumento
533 3020 581 3074 ex
618 2995 789 3098 antiquis
820 2995 1008 3098 operibus
1036 2993 1185 3098 petito,
1324 3021 1329 3030 ·

91 3115 173 3192 uelo
185 3117 397 3221 expressis,
422 3129 558 3196 sumtu
577 3115 687 3194 baud
701 3115 917 3216 mediocri,
943 3117 1185 3212 adornasset,

92 3257 160 3312 nor
171 3237 423 3318 librariorum
435 3235 729 3315 nonnullorum
742 3239 848 3316 inter
859 3223 1069 3318 Britannos
1085 3238 1185 3316 lucri

92 3359 271 3458 cupiditate
305 3383 548 3462 oppressum
584 3383 627 3438 se
655 3359 820 3458 videns,
852 3359 1185 3464 quandoquidem

94 3472 134 3552 illi
147 3475 317 3560 formulis
333 3481 616 3583 suis-repetere
633 3504 722 3558 eam
736 3479 958 3560 editionem
974 3481 1186 3560 constitue-

94 3611 172 3694 rant,
192 3603 425 3682 necessitate
440 3601 731 3679 circumventus
754 3614 886 3680 totum
901 3599 1186 3702 exemplarium

93 3738 291 3820 apparatum
307 3724 356 3802 iis
368 3721 622 3803 vendiderat:
648 3747 731 3826 quo
754 3723 812 3800 illi
831 3724 872 3802 in
889 3721 1046 3801 lucrum
1067 3745 1187 3798 suum

97 3861 205 3938 verso,
244 3871 351 3926 nova
388 3842 625 3946 exemplaria
656 3844 759 3949 typis
786 3843 1055 3939 excuderunt;
1097 3855 1187 3921 tum

96 3957 271 4046 lrllscbins
293 3964 404 4069 apud
428 3989 472 4042 se
497 3965 690 4065 decrevit,
720 3979 814 4068 post
840 3977 1043 4044 certorum
1060 3987 1188 4041 anno-

99 4101 163 4159 run
177 4085 386 4168 decursum
409 4086 651 4187 editionem,
684 4111 856 4190 eamque
878 4085 1009 4164 multo
1025 4084 1188 4186 'elegan-

101 4199 210 4284 dorem
226 4235 268 4287 ac
291 4205 631 4312 splendidiorem,
657 4233 813 4310 parare,
837 4223 884 4286 ut
899 4207 979 4286 hoc
1001 4204 1188 4308 exemplo

103 4337 275 4427 mutuet,
307 4353 387 4408 nec
408 4341 492 4406 arte
516 4337 557 4406 et
587 4327 780 4406 industria
804 4333 1027 4408 Germanos
1045 4325 1189 4426 anglis

106 4441 227 4550 tedere,
251 4473 542 4554 necgcneroso
555 4473 676 4530 sensu
693 4448 901 4554 laudisque
920 4449 1075 4543 studio;
1103 4447 1189 4524 sine

348 4615 386 4701 l
