2652 5032
175 347 250 422 470
416 343 456 418 Ρ.
483 337 743 418 VIRGILll
768 339 1048 418 MARONIS

176 523 426 602 Sollicitanda
440 538 576 603 tamen
591 525 726 622 tellus,
754 525 962 628 pulvisque
978 525 1213 620 movendum

173 633 225 708 Et
238 630 317 706 iam
330 631 494 705 maturis
508 631 750 706 metuendus
765 631 946 730 Iuppiter
960 632 1055 710 uvis.

226 735 373 810 Contra
388 757 472 810 non
486 733 641 809 ulla'est
655 733 754 809 oleis
772 731 943 826 cultura3
964 757 1098 835 neque
1113 731 1196 808 illae
1214 737 1283 812 tao

173 839 413 912 Procurvam
430 849 653 937 exspectant
668 835 814 912 falcem
831 851 1057 939 rastrosque
1075 849 1240 932 tenaces,

175 943 310 1034 Quum
327 939 454 1016 semel
470 939 684 1016 haeserunt
700 941 815 1036 arvis,
844 965 1037 1042 aurasque
1054 938 1240 1016 tulerunt.

173 1045 262 1142 Ipsa
280 1044 369 1116 satis
385 1041 520 1140 tellus,
549 1070 674 1146 quum
693 1043 815 1119 dente
831 1043 1051 1121 recluditur
1066 1067 1194 1138 unc0,

176 1141 332 1221 Sufficit
353 1144 568 1222 humorem
592 1161 632 1223 et
649 1147 826 1246 gravidas
848 1171 940 1223 cum
961 1171 1129 1224 vomere
1154 1145 1285 1244 fruges.

224 1287 312 1364 420.
339 1285 523 1378 corma,
575 1288 661 1365 424.
687 1305 905 1377 minorare,

210 1469 264 1526 420
280 1472 416 1524 nonnulla
429 1472 505 1524 Leid.
525 1490 590 1524 anna
614 1482 642 1524 et
658 1473 779 1536 aodlei..
806 1482 836 1524 nt
849 1472 900 1524 iam
913 1470 1019 1524 Serviat
1032 1468 1138 1522 notavit
1152 1469 1216 1539 legi.
1246 1469 1290 1522 Sed

173 1540 242 1592 mala
253 1558 283 1592 ac
295 1551 425 1610 perpetua
441 1542 616 1594 aberratione.
685 1543 738 1598 422
755 1541 842 1594 Maior
856 1541 974 1594 veraibua
987 1540 1063 1610 rigor
1084 1541 1174 1591 inem
1189 1539 1290 1602 ridetur,

174 1609 198 1660 ai
218 1621 279 1677 poet
295 1623 405 1662 unacea
427 1611 611 1680 interpnogaa,
636 1623 663 1664 et
683 1630 776 1664 novam
799 1611 955 1676 tententiam
976 1608 1103 1662 ordiaris:
1135 1613 1202 1660 Cura
1217 1608 1291 1660 renel

173 1679 323 1732 lacerarunt
342 1679 576 1752 miranturque
595 1682 733 1734 tulerunt:
756 1683 825 1752 Ipao
836 1699 858 1733 a.
891 1681 955 1748 (Sed
974 1691 1028 1732 tum
1045 1678 1200 1730 offenderet
1222 1695 1291 1748 qam

175 1747 215 1800 tta
234 1747 262 1799 in
281 1749 372 1800 eadem
392 1750 532 1802 verborum
548 1749 728 1819 complexione
749 1751 872 1818 poaitnm.
894 1747 964 1814 Wr.)
998 1747 1129 1802 Similiter
1149 1749 1290 1800 sentimur·

174 1819 260 1870 Poma
276 1836 396 1887 quoque,
422 1822 585 1890 caprimum
600 1849 633 1858 -
651 1823 687 1872 Vi
700 1821 819 1892 propria
837 1821 976 1872 nituntur.
1012 1817 1119 1869 Moneri
1143 1829 1249 1887 potest,
1270 1827 1291 1866 ct

173 1885 297 1938 monitum
318 1895 373 1951 eat,
397 1885 433 1939 ita
451 1887 511 1942 420.
531 1889 583 1944 421
605 1889 680 1940 nimia
699 1907 793 1956 magna
812 1887 934 1956 polliceri
945 1895 1069 1955 poetam,
1095 1886 1172 1938 oleae
1195 1885 1293 1938 enim‘n

173 1954 311 2006 seminario
331 1955 401 2006 hand
422 1972 512 2023 parum
533 1975 631 2026 operae
649 1959 796 2027 requirere;
823 1967 896 2010 recte
910 1956 1013 2026 utique
1036 1957 1086 2008 aed
1101 1967 1189 2024 poeta
1206 1956 1256 2024 agit
1266 1956 1292 2006 te

173 2023 240 2076 olela
254 2023 305 2076 iam
319 2042 334 2074 e
346 2023 472 2078 viridario
489 2025 517 2076 in
533 2027 659 2079 olivetum
670 2025 844 2095 transponitis.
879 2027 937 2078 Nec
950 2037 1035 2077 tamen
1050 2035 1108 2077 tam
1125 2026 1291 2093 pervicaciter

174 2091 256 2144 levem
271 2093 447 2146 coniecturam
462 2104 551 2162 teneo,
568 2107 596 2148 ut
612 2097 695 2148 minua
710 2115 767 2148 eam
780 2095 904 2165 probanti
923 2093 1001 2146 irasci
1020 2105 1064 2146 aut
1075 2093 1240 2147 maledicere
1254 2112 1292 2144 rra

173 2160 226 2213 lim.
260 2163 350 2214 tulere
363 2164 444 2216 Goth.
459 2181 500 2232 pr.
567 2163 621 2220 424
633 2167 766 2239 gravidae
778 2185 838 2218 cum
846 2163 966 2236 foenore
973 2163 1079 2236 fruger
1095 2165 1168 2217 coni.
1181 2164 1293 2218 Reialiaa

75 2264 79 2274 ·
173 2240 201 2282 et
213 2233 251 2284 lo.
263 2232 401 2285 Schrader.
436 2233 506 2286 Vide
518 2235 623 2287 Natam.

173 2389 343 2453 absolutam
363 2389 502 2451 vinitoria
523 2411 644 2472 operam
656 2413 717 2472 pu·
758 2390 842 2451 nulla
858 2397 904 2449 eat
918 2388 1049 2466 cultura,
1071 2388 1105 2450 la.
1123 2389 1212 2450 oleae
1225 2391 1295 2450 nulla

175 2475 260 2535 tandi
298 2497 334 2536 ac
380 2477 531 2537 nmcandi
573 2477 716 2559 designat.
757 2478 822 2537 sere
863 2475 985 2536 cultura
1023 2475 1178 2555 indigent.
1230 2478 1296 2536 Len·

176 2561 316 2628 Rervenit
330 2561 370 2620 ad
385 2572 535 2623 extremos
549 2577 644 2639 antee,
663 2585 716 2623 or·
758 2563 844 2622 cultu
864 2564 1024 2620 metetur
1036 2561 1108 2620 olea
1128 2561 1294 2632 colunt,

174 2646 259 2707 dines
272 2648 397 2725 vitium3
418 2653 501 2708 canit
521 2667 585 2725 eoa,
606 2649 717 2728 gaudet
759 2651 833 2723 8,1,
853 2647 906 2707 ubi
928 2645 966 2705 de
986 2665 1092 2706 earum
1112 2649 1206 2708 cultu
1223 2665 1295 2727 agere

174 2753 205 2792 aa
223 2753 258 2792 eo
272 2735 458 2813 pervenisse,
481 2734 645 2812 etquidem
667 2736 716 2814 es-
757 2733 871 2814 incipit.
892 2730 971 2792 adt
983 2732 1059 2792 Plin.
1074 2733 1176 2810 XVH,
1189 2739 1233 2799 30
1243 2753 1294 2810 sqq.

163 2817 275 2897 fitne,
303 2819 419 2880 viribus
447 2818 634 2897 exhaustus,
664 2821 717 2900 qui
757 2820 853 2880 Porro
870 2839 964 2899 neque
981 2817 1294 2880 tuaafloeamn-

174 2904 234 2962 iom
254 2901 414 2965 defunctus
437 2925 499 2964 ease
528 2906 630 2966 labore
660 2906 717 2965 eibi
758 2917 894 2980 undem,
923 2901 956 2962 h.
981 2923 1038 2963 nec
1057 2907 1225 2984 putatione
1249 2921 1294 2962 nec

172 2987 349 3066 videbatur3
372 2988 438 3072 (aed
453 2991 515 3052 vid.
530 2990 566 3052 V.
579 2991 611 3052 L.
630 2990 715 3074 Wr.)
757 2989 959 3070 pastinatione
989 3009 1066 3070 opua
1092 2999 1157 3067 eat,
1194 2991 1296 3050 aelim

171 3073 284 3134 iterum
306 3084 407 3136 tamen
429 3097 465 3136 ac
499 3077 599 3138 denuo
627 3078 717 3138 vinea
758 3095 821 3136 non
847 3084 909 3135 tam
936 3073 1055 3134 aaaidua
1088 3095 1127 3134 ae
1147 3086 1296 3158 perpetua.

172 3158 314 3219 fodienda
341 3180 394 3220 aen
416 3162 611 3241 pastinanda;
640 3183 716 3244 quae
756 3163 836 3222 Bene
860 3161 997 3220 Semina:
1026 3161 1112 3242 quod
1137 3175 1243 3222 tamma
1261 3160 1298 3219 orl

172 3243 514 3324 ipaafoaaiopulveratio
523 3249 714 3310 dicitur.vid.
756 3268 862 3306 curam
890 3245 1015 3324 reserare
1036 3250 1293 3320 mntem,

172 3333 257 3391 Sem.
275 3329 306 3390 h.
328 3331 349 3392 l.
371 3341 402 3392 et
433 3331 566 3394 Indicam
583 3335 714 3416 Scrippt.
755 3354 829 3392 nam
861 3351 977 3390 neaerae
1007 3344 1071 3408 eat,
1104 3333 1180 3392 lieet
1208 3333 1294 3404 male,

172 3417 209 3477 ll.
233 3417 269 3477 fl.
289 3412 471 3494 ν’ποκόνισις
495 3420 624 3481 Graecia.
673 3421 714 3480 Et
756 3419 870 3477 olivam
884 3430 1018 3496 putare3
1049 3417 1086 3477 id
1099 3417 1249 3498 qundael
1263 3436 1296 3475 ex

171 3512 240 3586 post
259 3511 359 3562 tamen
386 3503 462 3563 haec
491 3507 590 3566 omnia
615 3527 713 3568 novata
755 3503 919 3564 Columella
933 3511 1040 3562 notum
1050 3512 1106 3564 eat.
1135 3506 1212 3570 422.
1229 3505 1295 3564 (an

172 3587 258 3648 labor
284 3607 323 3648 ex
348 3599 526 3669 tempestate
553 3593 656 3671 iniqua
682 3601 713 3651 et
753 3589 1141 3662 aenullraeaenmtteme5
1167 3591 1295 3672 supitii

173 3675 249 3734 aeria
258 3673 377 3734 iniuriis
393 3675 465 3735 oriri
477 3685 585 3755 potest,
606 3687 643 3738 ut
656 3677 713 3736 ad·
754 3675 832 3735 vitea
846 3675 956 3733 semine
972 3677 1052 3733 ιἀοιο
1065 3675 1245 3736 comam
1258 3703 1294 3720 -·

172 3779 277 3820 veraua
288 3759 476 3839 grandinem,
498 3763 635 3841 pluviaa,
656 3783 713 3823 ru-
753 3761 887 3821 mda'cem
901 3757 1037 3838 adfigere
1056 3772 1164 3820 marae.
1205 3763 1243 3822 lit
1261 3757 1295 3818 ad

171 3845 316 3923 biginern,
338 3845 451 3924 reliqua
469 3847 545 3906 aeria
564 3847 639 3908 vitia
662 3848 713 3908 vi-
753 3847 805 3906 illa
818 3865 967 3924 awa-tque
989 3846 1120 3904 cedema
1139 3848 1179 3906 el.
1192 3869 1224 3908 v.
1238 3847 1292 3910 882

172 3930 210 3986 tia
224 3931 386 3991 munienda
408 3951 442 3990 ac
462 3932 651 3992 defendenda
664 3933 711 3994 ait„
754 3953 798 4011 sq.
819 3931 854 3990 ln
866 3929 938 3990 illia:
954 3928 1026 3994 423.
1037 3929 1102 3994 424
1115 3943 1220 4012 potest
1231 3931 1293 4012 qni-

172 4013 218 4071 lta
238 4036 268 4076 v.
286 4017 349 4082 419
375 4017 565 4096 accipiendus
585 4039 647 4077 ease
662 4019 712 4078 vi-
754 4017 913 4078 demrecte
928 4015 1001 4074 dici:
1023 4019 1094 4094 ipae
1106 4019 1198 4076 tellau
1216 4021 1292 4090 antea

173 4097 270 4159 detur.
292 4104 329 4161 cf.
352 4101 466 4162 Colum.
485 4103 535 4180 1v,
555 4107 585 4179 3,
605 4102 636 4180 4,
658 4104 712 4163 ubi
753 4101 785 4162 h.
798 4102 925 4176 affatim,
946 4100 1063 4182 suffieit
1077 4102 1141 4162 eall.
1150 4103 1225 4164 oleis
1239 4103 1292 4160 kn-

173 4181 213 4239 de
228 4185 330 4246 vinea:
352 4189 415 4246 Rea
434 4191 513 4246 enirn
536 4201 708 4264 camertem,
753 4209 885 4259 motem
914 4186 1028 4246 iudicio
1051 4195 1154 4248 umen
1183 4209 1220 4247 ac
1243 4187 1292 4246 de·

172 4265 311 4343 infima,
343 4272 473 4356 amulae
494 4278 625 4333 marinae
650 4278 711 4333 im-
752 4274 845 4334 leetui
869 4271 1032 4351 virgiliano
1052 4283 1291 4344 ermemirum,

168 4353 287 4424 Palleat
301 4363 357 4412 etc.
563 4355 566 4362 ’
752 4363 827 4418 auris
846 4359 889 4418 ita
911 4359 1061 4438 accipere,
1089 4369 1125 4420 ut
1143 4359 1223 4418 olera
1241 4379 1291 4418 ao-

213 4431 284 4496 420.
313 4435 384 4500 tat.
426 4441 567 4506 Olearann
604 4452 711 4506 contra
752 4443 1020 4526 compellaverit,
1042 4443 1290 4524 quemadmodum
