2606 5008
177 369 254 447 att
551 355 929 436 PROOEMIUM

180 554 264 632 eins
282 547 333 626 ad
347 543 572 624 Hesiodum
591 545 784 640 instituta,
816 541 917 618 nihil
937 540 1088 637 exilius,
1121 542 1298 640 ieiunius,

179 669 220 733 et
240 645 385 730 aridius
404 647 603 744 Hesiodo,
636 643 736 724 nihil
756 647 955 747 copiosius
979 658 1020 721 et
1038 644 1193 746 plenius
1213 649 1299 726 Vir·

177 759 281 860 gilio.
334 756 412 850 Qui
432 765 569 830 tamen
583 744 663 828 hoc
680 751 832 854 primus
848 747 1076 846 affirmavit,
1103 773 1199 826 eum
1218 775 1298 826 non

179 859 402 940 admodum
422 869 628 934 recentem
648 855 696 930 ab
713 853 876 932 Hesiodi
895 853 1070 930 lectione
1089 851 1214 930 luisse
1232 880 1299 932 ue-

179 989 287 1044 cesse
305 975 374 1042 est
425 961 498 1041 Vix
519 961 628 1036 euim
642 959 684 1036 iu
698 959 825 1035 tribus
840 971 908 1036 aut
920 969 1091 1060 quatuor
1108 955 1208 1034 locis
1223 959 1299 1034 Ile-

178 1068 339 1146 siodeae
355 1063 575 1140 sententiae
593 1076 686 1140 sunt
702 1087 926 1165 expressae3
955 1062 1180 1138 carminum
1198 1064 1299 1163 ipso-

178 1197 271 1250 rum
283 1167 414 1246 forma
429 1189 513 1243 non
535 1169 737 1261 convenit3
766 1166 918 1242 diversa
932 1167 1140 1266 utriusque
1153 1179 1297 1255 natura,

180 1276 357 1353 diversus
369 1273 520 1371 genius,
542 1271 742 1348 diversum
757 1269 975 1348 consilium.
1008 1269 1209 1345 Hesiodus
1222 1293 1298 1344 non

180 1378 391 1478 Georgica,
423 1374 463 1456 h.
485 1389 518 1454 e.
538 1375 590 1452 de
610 1399 656 1452 re
673 1375 834 1470 rustica,
866 1373 1021 1474 scripsit
1044 1386 1112 1448 aut
1131 1373 1298 1449 scrihere

179 1482 327 1579 voluit,
371 1479 444 1556 sed
470 1481 591 1556 totius
617 1479 719 1554 vitae
754 1477 1024 1574 domesticae,
1066 1475 1193 1578 qualis
1219 1490 1296 1552 tum

175 1599 289 1683 erat,
332 1584 566 1678 coniunctae
603 1581 752 1660 scilicet
780 1580 883 1657 illius
916 1579 982 1656 rel
1012 1577 1188 1656 maxime
1215 1603 1296 1654 cun

149 1753 151 1758 .
181 1687 480 1790 agricolatione,
509 1686 686 1763 rationes
706 1683 886 1782 tradere,
921 1681 1160 1785 prudentiae
1189 1683 1295 1759 etiam

181 1807 222 1869 et
256 1815 421 1870 morum
460 1803 669 1892 praecepta
708 1812 951 1892 proponere.
1015 1785 1136 1882 Quod
1172 1799 1293 1862 autem

180 1901 395 1974 Ascraeum
413 1915 573 1971 carmen
591 1889 762 1995 appellat
780 1914 898 1968 suum
917 1909 1019 1993 opns
1033 1888 1239 1987 Virgilius,
1263 1887 1293 1963 id

181 2022 231 2076 eo
255 2000 446 2100 pertinet,
479 1997 592 2099 quod
610 1997 652 2072 in
674 1995 791 2072 simili
813 1993 900 2072 sere
922 2015 1071 2094 genere
1097 1991 1200 2068 illud
1218 2017 1293 2067 rer-

180 2114 312 2201 satur,
346 2123 430 2177 non
456 2098 569 2202 qnod
594 2123 642 2176 ex
664 2099 868 2176 Hesiodeo
891 2099 1062 2201 petitum
1090 2109 1158 2174 aut
1181 2109 1293 2172 trans

179 2207 373 2307 seriptum
411 2217 477 2280 aut
515 2203 567 2280 ad
606 2204 690 2280 eius
725 2201 901 2280 somnam
934 2215 993 2278 est
1025 2203 1292 2302 compositum

179 2313 319 2387 Potest
333 2307 510 2410 ,quidem
539 2308 679 2409 aliquis
702 2307 744 2382 in
771 2329 860 2384 eam
888 2305 1126 2406 opinionem
1149 2301 1293 2396 adduci,

181 2427 300 2515 atque
329 2414 371 2489 in
400 2412 489 2488 eam
518 2412 598 2487 iam
620 2413 718 2494 Dan.
741 2410 949 2487 Heinsium
971 2407 1123 2486 httrod
1150 2407 1203 2483 ad
1226 2411 1292 2482 lle·

181 2516 280 2595 siod.
305 2541 335 2596 c.
353 2522 377 2595 t
397 2515 552 2592 venisse
574 2514 694 2590 video
710 2521 771 2613 *),
797 2525 843 2590 ut
866 2525 933 2589 aut
956 2511 1165 2614 quoddam
1188 2508 1291 2598 aliud,

182 2633 249 2696 aut
263 2618 361 2716 hoc,
387 2617 500 2721 quod
522 2617 736 2714 habemus,
762 2615 928 2694 Hesiodi
943 2635 1045 2717 opus
1064 2615 1164 2691 olim
1178 2611 1290 2689 multo

73 2751 75 2759 ⁸
182 2721 418 2824 locupletius
435 2735 475 2798 et
485 2721 643 2823 plenius
662 2721 830 2798 extitisse
847 2719 1051 2798 existimet
1084 2718 1182 2814 Quis
1199 2718 1289 2794 enim

181 2827 222 2901 in
245 2825 310 2901 tali
334 2825 555 2924 argumenti
581 2825 840 2920 tractatione,
873 2823 1035 2926 qualem
1056 2843 1165 2898 nunc
1192 2823 1231 2896 in
1250 2841 1290 2894 eo

181 2929 383 3027 videmus,
411 2952 494 3004 non
510 2929 679 3005 miretur
696 2927 912 3025 Catonem,
940 2927 1009 3029 qui
1025 2924 1132 3027 apud
1145 2926 1290 3003 Cicero-

182 3054 280 3108 nem
302 3033 355 3108 ita
377 3031 550 3133 disputat
572 3039 652 3131 **),
687 3045 734 3108 ut
759 3031 817 3108 de
838 3027 1148 3106 stercorandi
1169 3024 1290 3102 utili-

182 3147 283 3210 tate
308 3135 505 3210 doctum
521 3134 791 3212 Hesiodum
812 3159 869 3210 ne
887 3133 1089 3210 verbum
1109 3129 1289 3233 quidem

162 3233 358 3314 ¹fecisse
393 3251 585 3336 moneat,
628 3263 735 3316 cum
765 3238 822 3315 de
852 3236 1044 3314 cultura
1074 3233 1172 3334 agri
1190 3231 1290 3308 scri-

181 3339 351 3418 heret?
386 3340 492 3436 Quid
513 3355 647 3420 autem
662 3339 869 3419 Manilium
888 3353 1106 3442 sequutum
1125 3359 1206 3414 esse
1223 3357 1290 3434 pu-

183 3444 373 3542 tabimus,
401 3446 488 3546 qui,
517 3445 616 3522 dum
630 3443 796 3524 Hesiodi
814 3465 937 3546 opera
959 3455 1131 3538 enarrat,
1157 3438 1290 3535 Quin·

183 3549 350 3646 etiam,
377 3549 524 3650 inquit,
550 3551 679 3626 ruris
700 3549 857 3626 cultus
880 3547 1114 3648 legesque
1138 3536 1288 3619 norati

180 3649 510 3754 Militiamque
553 3652 672 3731 soli:
725 3650 855 3756 quod
895 3649 1052 3727 colles
1091 3643 1287 3726 Bacchus

216 3827 238 3894 'l
255 3829 306 3878 los.
317 3824 442 3894 Scaliger,
458 3823 502 3894 qni
516 3815 550 3877 ad
563 3825 665 3878 Manilii
679 3827 725 3878 lo·
766 3843 884 3898 prooem.
896 3825 929 3876 ad
945 3821 1097 3876 Hesiodum.
1122 3821 1185 3873 Iden
1196 3812 1285 3868 'ram

182 3913 239 3949 cnm
252 3897 319 3948 hanc
333 3893 489 3947 senteutiam
500 3893 534 3945 itn
555 3897 674 3958 robabat,
688 3893 725 3949 ita
766 3897 788 3947 0
822 3893 868 3947 hei
887 3889 982 3946 librum
998 3891 1174 3962 Georgicom
1191 3881 1282 3936 iffli

181 3975 269 4018 tamen
279 3965 306 4016 in
319 3963 406 4016 verbis
421 3962 524 4015 Manilii
535 3913 661 4018 haerebat
695 3975 725 4016 ut
766 3913 915 4016 seld'vsrsus
930 3981 963 4016 cx
976 3962 1009 4015 it·
1024 3965 1145 4014 adulor
1155 3947 1282 4032 inlltssfl'

113 4051 116 4057 ’
182 4051 240 4085 eum
254 4035 324 4085 forte
338 4037 374 4085 Or
393 4033 438 4084 hei
446 4025 533 4101 Ἔργα
545 4031 594 4086 καὶ
605 4003 725 4102 ‘depote
766 4033 921 4102 Philosophi
939 4033 974 4086 do
995 4029 1164 4085 Riectlouibus
1181 4035 1281 4076 ww

181 4103 298 4154 Hesiodo
310 4053 461 4154 attrihuisse
471 4102 640 4167 coniectaret,
652 4104 723 4156 cuius
766 4104 853 4174 (quod
876 4101 1010 4155 Fabricius
1033 4099 1151 4154 nibtiott.
1165 4096 1203 4146 or.
1221 4087 1278 4138 Vd-

182 4187 244 4223 tanc
264 4171 352 4239 operis
376 4171 478 4222 initium
499 4186 557 4223 oum
574 4171 724 4225 Manilianic
765 4173 834 4236 vm,
855 4187 882 4292 p·
895 4171 950 4228 415
972 4171 1090 4238 inseruit)
1110 4159 1203 4220 inretiti
1215 4157 1278 4208 *Ἰὼ*

181 4240 299 4292 versibus
319 4241 417 4309 aliquid
438 4239 602 4294 coniunctum
623 4241 723 4294 habere
765 4245 861 4296 Wcsse
871 4242 925 4310 ing.
940 4239 1073 4294 Prohahil.
1088 4251 1139 4306 up.
1151 4231 1186 4291 ll·

181 4310 292 4362 ridetur.
316 4313 451 4380 Servatum
465 4309 531 4362 illud
545 4321 585 4363 est
596 4327 612 4364 a
624 4312 723 4365 ‘ruant
798 4311 831 4380 ⁸⁸)
847 4313 888 4364 lle
901 4315 1005 4364 sonent.
1019 4328 1075 4380 up.
1089 4309 1128 4366 ld·
