2606 5008
209 387 286 462 234
452 377 494 455 Ρ.
521 373 1086 455 VIRGILII-MARONIS

209 587 295 630 verse
310 585 383 626 vero
405 585 423 624 a
445 565 635 646 simplicitate
654 575 685 624 et
697 574 854 626 venmtate
870 566 1019 647 pastoritii
1030 564 1158 626 mainis
1170 573 1195 622 et
1204 563 1277 622 Theo

210 654 303 715 orites
317 651 467 712 suavitate
481 653 514 712 in
530 652 679 733 plerisque
691 651 853 712 recesserit.

294 789 358 848 Iam
378 786 416 846 de
434 787 581 866 Lycoride
603 787 720 848 addunt
738 787 918 868 interpretes
936 785 1039 846 Servio
1054 785 1138 846 duee:
1156 783 1279 843 iusserim

208 895 316 936 verum
328 893 438 933 nomen
453 871 651 952 Cytheridem,
674 883 704 932 et
716 893 776 932 esse
787 893 851 932 eam
868 871 1001 931 'eamdem
1018 893 1085 931 cum
1099 869 1279 930 Antoniiario

208 960 278 1036 illa,
300 961 407 1036 mima,
429 979 468 1018 ex
491 959 639 1018 Ciceronis
657 958 783 1040 Philipp.
798 959 834 1034 II,
858 957 909 1022 24.
921 959 973 1034 25,
988 957 1027 1016 ad
1040 958 1103 1018 Att.
1115 959 1151 1029 X,
1167 959 1200 1018 10
1214 965 1237 1011 et
1248 957 1278 1023 tt.

210 1046 250 1106 ad
269 1047 336 1107 niv.
354 1045 407 1120 IX,
429 1048 481 1108 26.
508 1044 544 1103 cl.
564 1043 717 1106 Plutarch.
740 1045 810 1104 Vita
831 1043 955 1103 Antonii
974 1064 1003 1124 p.
1017 1041 1059 1106 74
1074 1042 1118 1101 etl
1130 1041 1215 1100 Brisa.
1229 1039 1278 1098 Plu.

209 1131 284 1207 VIII,
299 1135 339 1196 16
351 1130 470 1206 infami,
495 1129 579 1189 cuius
596 1151 706 1190 nomen
726 1150 833 1190 verum
846 1131 905 1189 fuit
922 1131 957 1190 V
952 1131 1093 1203 ommate,
1114 1124 1279 1206 quoniamlo

208 1217 314 1277 lumnii
334 1215 488 1296 Eutrapeli
511 1215 619 1274 liberta
636 1225 720 1275 esset
764 1212 977 1297 (Consentiunt
995 1223 1130 1274 veterum
1143 1207 1280 1282 testimonia,

208 1303 399 1364 Volumniam
419 1301 536 1360 mimico
560 1303 679 1362 nomine
697 1301 905 1382 Cytheridem,
943 1321 961 1358 a
983 1299 1069 1359 Gallo
1094 1302 1201 1376 eiusque
1216 1297 1280 1354 amco

208 1387 332 1468 Virgilio
345 1386 521 1468 Lycoridem
536 1385 648 1448 dictam
661 1407 730 1449 esse.
775 1389 851 1468 Ergo
870 1397 981 1446 temere
994 1395 1078 1465 agat,
1101 1385 1151 1463 qui
1161 1391 1207 1442 aut
1217 1387 1281 1458 neget,

210 1483 264 1534 aut
278 1474 407 1534 dubitet.
448 1471 497 1532 Ex
510 1471 615 1534 iisdem
638 1474 830 1552 intelligitur,
858 1473 969 1532 multos
981 1491 1047 1530 eam
1059 1469 1187 1530 habuisse
1202 1475 1280 1524 amato

208 1580 273 1637 res,
295 1559 384 1620 inhia
397 1557 437 1619 M.
449 1556 615 1618 Antonium
628 1561 665 1618 ab
680 1581 706 1619 a.
723 1560 794 1628 705.
807 1592 851 1604 -
869 1559 927 1618 Cic.
943 1557 983 1615 ad
996 1557 1061 1616 Att.
1076 1559 1115 1632 X,
1130 1559 1281 1628 10.-usqu

210 1645 250 1704 ad
267 1665 293 1704 a.
311 1649 383 1710 708.
390 1689 399 1720 ,
428 1663 488 1722 quo
510 1665 589 1704 anno
608 1645 672 1721 ille,
702 1645 756 1706 lul.
779 1646 901 1704 Caesare
920 1643 1070 1724 perditam
1090 1643 1178 1702 vitam
1196 1635 1281 1732 interi

565 1723 1281 1816 ...m

208 1921 275 1962 eam
289 1901 464 1983 composuit.
482 1900 537 1961 Ao.
556 1907 628 1968 716.
646 1901 784 1983 Cytheris
795 1904 858 1964 iere
868 1901 1163 1961 XXVIII—XXIX.
1177 1911 1282 1954 annom

209 1996 290 2065 erat3
312 1987 435 2047 eandem
450 1996 580 2048 aetatem
595 1989 700 2068 agebat
712 1987 823 2048 Gallus.
865 1987 933 2047 Hoc
946 1987 1098 2046 neminem
1113 1982 1236 2054 offendet,
1250 1975 1281 2056 qui

208 2073 329 2134 noverit
341 2093 478 2133 amorum
494 2073 622 2134 istomm
640 2075 786 2149 rationes,
808 2073 861 2152 qui
881 2073 1068 2148 meminerit,
1090 2077 1206 2151 saepest
1217 2065 1282 2143 aplu-

207 2158 291 2219 n'bus
308 2168 421 2218 amatas
441 2177 502 2217 esse
523 2180 585 2220 non
597 2161 729 2220 iuniores
742 2169 833 2234 natu,
858 2179 948 2237 quam
965 2159 1023 2238 ipsi
1039 2167 1148 2234 essent,
1166 2157 1202 2215 ita
1214 2151 1282 2210 aln-

207 2245 306 2326 pertio
320 2245 473 2320 Hostiam,
496 2266 519 2305 a.
534 2245 710 2326 Cynthium,
736 2246 773 2304 ab
788 2244 898 2304 Ovidio
913 2245 1011 2304 XXII.
1026 2265 1123 2304 annos
1135 2253 1198 2302 nato
1211 2235 1282 2297 Cen'r

207 2351 294 2406 nam,
316 2331 336 2391 i.
355 2351 379 2391 e.
394 2332 552 2411 Cynaram.
573 2331 643 2414 Sp.)
687 2330 781 2406 Quod
795 2351 864 2390 eum
879 2331 954 2390 ferai
971 2331 1083 2411 possit:
1103 2325 1283 2390 iustumne

207 2415 292 2496 quod
300 2461 308 2493 ,
330 2416 368 2476 de
385 2425 555 2497 temporum
570 2418 688 2477 ratione
702 2417 808 2493 securi,
830 2416 1018 2475 contendunt
1036 2437 1076 2476 ex
1091 2415 1187 2474 Servio
1199 2409 1256 2468 eds.
1267 2409 1283 2476 l,
1299 2416 1300 2420 ’

207 2522 274 2562 eam
287 2513 447 2584 propterea
464 2504 583 2563 Gallum
599 2503 775 2579 destituisse,
797 2501 880 2582 quod
892 2501 1062 2562 Antonium
1075 2502 1114 2560 ad
1129 2499 1222 2560 Gallias
1235 2509 1283 2550 em·

207 2598 270 2648 tem
292 2599 420 2668 sequuta
438 2599 530 2664 esset,
560 2609 620 2667 quo
642 2609 672 2650 v.
691 2594 734 2654 22
757 2609 819 2666 sqq.
845 2585 887 2652 46
908 2609 970 2666 sqq.
991 2589 1146 2662 referunt,
1166 2585 1284 2644 fidemne

207 2673 309 2734 habet
350 2675 427 2734 Nam
438 2675 569 2754 primum
583 2673 733 2736 Antonius
752 2671 945 2754 Cytheridem
964 2673 1024 2732 iam
1047 2684 1118 2732 ante
1131 2675 1187 2748 709
1202 2665 1283 2727 dimise·

207 2770 271 2838 rat,
294 2759 428 2839 adeoque
441 2770 511 2820 ante
523 2760 557 2819 id
570 2770 698 2841 tempus,
720 2779 780 2839 quo
794 2758 869 2818 haec
882 2767 951 2839 post
961 2759 1096 2837 reliquas
1110 2775 1202 2818 omnes
1214 2749 1283 2824 litlot·

208 2846 299 2905 scn'bi
319 2848 436 2926 potuit,
458 2867 493 2904 ca
511 2847 590 2906 enim
608 2847 646 2906 de
662 2865 696 2906 re
716 2847 777 2905 iam
792 2846 942 2904 Ciceronis
965 2843 1096 2926 Philipp.
1118 2845 1153 2918 II,
1172 2844 1214 2914 28,
1227 2831 1283 2915 019

207 2930 292 2992 Iocus
303 2939 357 2992 est.
400 2932 520 2991 Decima
534 2942 635 2992 autem
654 2931 729 2991 haec
742 2931 848 3010 Ecloga
865 2941 933 2990 ante
947 2935 1010 2996 717
1021 2931 1082 2990 vix
1093 2930 1196 3008 scn'pta
1205 2932 1248 2994 etl,
1262 2923 1283 2973 11

206 3017 309 3098 paullo
322 3025 391 3097 post
406 3018 582 3080 videbimus.
624 3017 737 3078 Deinde
749 3037 822 3078 vero
836 3017 872 3076 iis
886 3017 987 3092 annis,
1010 3018 1122 3095 quibus
1138 3015 1202 3074 haec
1212 3008 1283 3098 Edep

207 3101 320 3182 scripta
341 3121 403 3162 esse
429 3113 546 3184 potest,
581 3103 731 3164 Antonius
759 3103 792 3162 in
813 3102 953 3178 Oriente,
980 3123 1043 3162 non
1068 3105 1102 3163 in
1125 3099 1221 3170 Gellia,
1242 3093 1283 3180 011

208 3188 295 3262 Quae
315 3189 414 3246 omnia
436 3189 524 3248 docte
544 3189 762 3250 demonstravit
780 3189 900 3249 Martin.
925 3187 965 3246 ad
983 3209 1014 3248 v.
1034 3193 1089 3253 22.
1135 3188 1222 3262 Neque
1239 3180 1283 3236 fffll

207 3282 308 3356 potest
319 3273 448 3352 doctiss.
467 3275 619 3355 Morgagni
643 3273 765 3356 (Opusc.
789 3273 909 3334 miscell.
935 3275 969 3333 T.
990 3274 1043 3350 III,
1058 3276 1141 3356 epist
1154 3265 1237 3331 tamt
1247 3257 1282 3341 pt)

207 3359 369 3434 sententia,
391 3360 459 3439 qui,
482 3381 550 3421 cum
569 3363 707 3421 Servium
728 3361 973 3440 amplecteretur,
996 3368 1027 3418 et
1042 3359 1164 3421 Antonii
1176 3347 1284 3416 inliti¹³²⁹

207 3445 423 3528 profectionem
447 3447 578 3525 aliquam
596 3447 851 3526 circumspiceret,
879 3446 962 3504 illam
978 3447 1124 3526 arripuit,
1146 3461 1206 3504 cum
1215 3437 1283 3527 Qfflff·

207 3542 325 3592 sturam
344 3532 458 3590 Romae
474 3533 624 3612 petiisset,
654 3542 684 3592 et
704 3531 829 3604 indeed
843 3532 1014 3606 Caesarem,
1040 3535 1095 3611 qui
1107 3543 1170 3592 tum
1180 3529 1206 3588 in
1215 3518 1283 3582 Gallu

206 3619 320 3678 bellum
343 3619 481 3696 gerebat,
508 3619 644 3694 rediret,
674 3637 750 3697 quae
769 3637 817 3677 rea
843 3616 884 3675 ad
904 3637 1018 3676 annum
1032 3623 1098 3683 702
1111 3611 1232 3694 Pompeio
1242 3605 1283 3662 (⁰⁸

207 3705 271 3764 sine
286 3703 403 3783 Collega
415 3704 573 3763 reserenda
585 3712 674 3780 esset;
695 3703 780 3782 quod
795 3703 861 3762 fieri
874 3723 936 3762 non
954 3712 1070 3783 potest,
1099 3701 1228 3776 aiEclog¹
1237 3691 1283 3750 ¹1²⁸

206 3791 314 3850 ultimo
334 3789 402 3850 Ioco
421 3789 534 3868 scripta
554 3799 613 3866 eat,
641 3798 678 3849 ut
698 3809 803 3848 versus
822 3788 937 3868 primus
950 3789 1092 3850 declarat.
1135 3781 1282 3866 ronanus

206 3876 256 3936 vir
277 3877 364 3954 longe
384 3875 589 3950 doctissimus,
617 3875 649 3935 in
669 3875 747 3934 Hist.
760 3875 819 3933 litt.
833 3873 958 3952 Aquilei.
974 3895 1003 3953 p.
1017 3877 1060 3938 28
1074 3876 1112 3934 de
1123 3875 1186 3951 faga
1197 3867 1282 3926 Aulon

206 3961 361 4042 intelligit,
383 3980 452 4020 cum
472 3960 511 4019 ad
531 3961 677 4020 Mutinam
704 3964 763 4024 711
790 3959 889 4018 victus
911 3960 944 4019 in
971 3961 1099 4020 Galliam
1111 3957 1282 4018 ulten‘orett’e

206 4046 368 4126 reciperet,
398 4055 429 4105 et
442 4045 483 4106 M.
502 4045 661 4105 Aemilium
680 4046 825 4124 Lepidum
844 4045 899 4104 sibi
914 4046 1058 4124 iungeret
1101 4044 1157 4104 Sed
1170 4051 1199 4100 ut
1210 4037 1281 4094 aljan

206 4151 383 4207 memorem,
406 4151 503 4211 neque
524 4141 591 4192 tum
614 4131 777 4211 quidquam
800 4130 840 4190 ad
857 4129 996 4190 Rhenum
1010 4141 1139 4212 gestum,
1159 4144 1231 4206 quem
1241 4131 1281 4176 1¹1*

206 4226 306 4276 morat
327 4226 417 4298 poeta
439 4237 469 4278 v.
489 4219 540 4284 45.
584 4219 742 4276 Enimyero
764 4237 827 4276 non
849 4217 906 4275 nisi
925 4237 1004 4276 anno
1025 4222 1088 4282 717
1100 4217 1133 4275 U.
1148 4214 1175 4272 C.
1188 4209 1280 4268 ineunte,

206 4301 247 4365 M.
264 4301 409 4383 Agrippa,
432 4304 464 4362 L.
481 4303 606 4364 Caninio
618 4303 703 4362 Gallo
715 4303 805 4380 Coss,
819 4303 857 4362 ab
871 4301 1004 4382 Agrippa
1020 4303 1083 4362 Cos.
1098 4297 1230 4360 exercitus
1241 4289 1280 4346 It

206 4409 314 4452 manus
335 4389 369 4446 in
389 4387 499 4448 Gallias
521 4387 630 4448 ductus
649 4386 789 4448 Rhenum
806 4389 936 4448 transiit
953 4409 983 4448 v.
1006 4389 1061 4448 Ilio
1077 4383 1196 4456 XLVIII,
1216 4397 1235 4434 o
1248 4369 1280 4432 49-

162 4511 166 4522 ·
208 4476 285 4538 conl.
305 4471 428 4537 Martin-
450 4473 489 4534 ad
509 4473 589 4536 hanc
606 4473 704 4554 Eclog.
731 4483 761 4534 et
781 4473 852 4535 Vita
873 4475 953 4554 Varg.
974 4474 1014 4534 ad
1033 4496 1059 4534 a.
1079 4477 1153 4548 7175
1177 4469 1280 4534 ΜΨ
