2784 4988
102 331 295 450 'anu
406 397 410 406 ·
541 369 953 446 anaaramo
1065 477 1066 480 Ν

170 555 368 660 'improba
384 566 425 631 et
443 552 605 631 sordida
627 555 725 634 lucn'
744 555 937 635 aviditate.
991 551 1318 657 obsequendum

185 676 278 756 duxi
294 675 450 778 optimo
463 675 566 754 viro:
595 701 768 780 cumque
784 679 998 754 novissima
1012 677 1091 751 iam
1108 677 1211 752 vitae
1226 703 1320 778 spa-

184 801 236 876 tia
250 799 449 897 ingressus
462 797 649 902 ultimam
664 823 831 874 manum
853 797 1091 902 imponendi
1105 797 1200 872 huic
1214 823 1321 898 ope-

183 943 251 996 rae
269 906 613 1021 opportubitatem
637 919 794 994 scmibi
810 917 962 995 offerre
975 917 1176 997 viderem:
1201 917 1320 994 nolui
1370 999 1371 1006 χ

128 1079 132 1085 ·
183 1029 372 1118 fortunae
398 1037 560 1132 deesse,
600 1040 828 1141 iterumque
853 1041 1058 1116 retractavi
1083 1064 1147 1138 ea,
1174 1063 1321 1142 quaea

183 1162 316 1238 mein
338 1157 545 1259 Virgilium
568 1161 712 1262 scripta
736 1175 886 1256 essent,
910 1161 1173 1263 inprimisque
1189 1161 1320 1262 priori

184 1281 396 1378 volumini,
422 1280 535 1382 quod
557 1280 740 1357 Bucolica
762 1295 803 1359 et
816 1284 1009 1382 Georgica
1024 1281 1320 1383 complectitur,

188 1417 383 1507 quantum
402 1426 477 1504 per
498 1401 588 1478 alias
614 1427 726 1478 curas
743 1401 901 1500 liceret,
941 1402 1120 1479 studium
1150 1401 1321 1504 aliquod
1348 1421 1351 1430 ’

183 1551 326 1601 meum
346 1523 497 1613 addixi3
542 1525 734 1626 quoniam
761 1523 827 1600 illa
858 1525 1032 1600 carmina
1060 1522 1320 1610 subtiliorem

186 1645 523 1746 interpretationis
545 1657 737 1722 curamet
756 1645 1067 1723 sollicitudinem
1087 1642 1319 1722 desiderare

184 1767 264 1842 visa
285 1777 406 1844 erant.
982 1749 984 1756 ’

285 1885 477 1964 Reddere
500 1887 699 1964 rationem
724 1885 921 1986 sigillatim
947 1911 1111 1985 corum,
1147 1889 1319 1989 quaein

184 2007 298 2117 tertia
311 2005 387 2082 hac
404 2005 581 2084 editione
595 2009 846 2103 accesserint,
873 2009 966 2110 quia
979 2010 1065 2086 sine
1080 2010 1318 2086 ostentatio-

183 2129 245 2206 nis
269 2129 403 2230 specic
425 2131 643 2206 memorari
674 2117 765 2205 talia
793 2143 1021 2231 nequeunt,
1057 2129 1317 2231 supersedeo.

186 2247 363 2349 Sufficit,
391 2251 625 2327 emendasse
644 2275 713 2326 me
735 2251 800 2328 vel
820 2249 1084 2352 locupletasse
1107 2249 1318 2328 observata

68 2373 70 2378 ’
185 2373 226 2448 in
249 2383 413 2474 poetam
428 2361 525 2448 locis
539 2369 692 2466 multis;
722 2371 910 2448 adiecisse
924 2375 1118 2449 Excursus
1135 2361 1318 2448 nonnul-

105 2493 108 2500 '
185 2493 267 2591 los,
296 2519 398 2597 quos
420 2493 461 2567 in
486 2495 713 2595 Conspectu
740 2495 873 2595 operis
889 2492 1201 2596 praefationibus
1218 2493 1317 2568 sub-

184 2616 289 2694 iecto
322 2613 491 2706 notatos
512 2613 665 2716 videbis
692 2638 842 2714 genere
878 2613 1100 2692 litterarum
1132 2613 1316 2709 divers0;

184 2737 305 2814 obelo
337 2733 565 2813 confodisse
597 2735 687 2831 alia,
720 2761 796 2814 nec
824 2737 1050 2838 pepercisse
1080 2736 1155 2835 iis,
1178 2727 1316 2838 quae,

184 2858 284 2935 olim
310 2856 533 2935 admodum
554 2857 721 2959 probata
745 2871 812 2934 aut
831 2855 1051 2958 probabilia
1072 2858 1171 2965 visa,
1204 2881 1317 2934 nunc

182 2977 312 3054 sundo
336 2976 487 3055 idoneo
511 2978 671 3054 destitui
691 2977 941 3059 videbantur
989 2975 1120 3056 Video
1146 2977 1316 3080 quidem

182 3097 262 3173 hoc
284 3087 370 3174 esse
390 3099 495 3174 inter
515 3098 619 3176 mala
643 3125 790 3202 operae
813 3123 949 3194 meae,
986 3099 1098 3202 quod
1120 3097 1229 3174 nulla
1255 3111 1316 3174 cst

181 3215 327 3292 harum
349 3217 591 3316 editionum,
628 3245 730 3320 quae
751 3220 863 3297 alteri
885 3221 1036 3322 ubique
1057 3217 1314 3321 respondeat.

183 3329 290 3434 Quid
305 3349 442 3414 tamen
457 3340 497 3414 in
516 3339 691 3416 humana
706 3341 780 3418 hac
794 3340 1024 3418 infirmitate
1043 3339 1177 3436 iacias,
1205 3337 1314 3440 cuni,

183 3461 502 3564 quotiescunque
523 3459 689 3564 aliquid,
724 3461 1015 3543 a'tecuratum
1036 3475 1103 3538 aut
1131 3460 1315 3537 elabora-

180 3595 287 3677 tum,
315 3582 463 3660 iterum
485 3584 718 3685 inspexeris,
758 3581 877 3658 toties
901 3583 1034 3660 videas
1061 3607 1165 3681 esse,
1207 3608 1314 3684 quae

179 3715 330 3781 mutata
349 3689 389 3781 et
402 3705 614 3782 emendata
637 3728 721 3780 esse
737 3703 897 3802 malleS,
926 3704 1177 3781 etiamsinon
1191 3705 1314 3780 nimis

178 3807 366 3902 morosus
391 3828 442 3902 sis
465 3839 556 3918 tuae
582 3849 730 3926 operae
745 3823 869 3902 iudex
890 3851 933 3902 ac
958 3834 1127 3903 censor?
1154 3828 1313 3929 ,Itaque

178 3929 295 4020 venia
311 3971 476 4049 quoque
492 3945 623 4024 danda
641 3944 741 4021 mihi
757 3959 827 4044 est,
853 3948 885 4022 si
901 3947 1106 4024 interdum
1120 3949 1313 4024 mutarim

179 4067 431 4165 sententiam,
459 4067 530 4144 alia
544 4067 748 4169 amplexus
763 4067 851 4166 sim,
874 4068 1006 4145 autad
1020 4069 1183 4170 pristina
1201 4068 1312 4144 redi-

179 4187 290 4265 erim.
341 4189 412 4264 Est
441 4188 635 4265 immensa
662 4214 801 4264 rerum
832 4188 981 4288 moles,
1025 4213 1129 4291 quae
1161 4190 1202 4264 in
1228 4201 1310 4265 tam

178 4305 300 4406 longo
319 4329 466 4409 operae
491 4335 608 4407 cursu
629 4310 820 4402 occurrit3
847 4335 923 4386 nec
940 4319 1103 4412 semper
1124 4308 1236 4386 idem
1252 4324 1313 4387 est

178 4429 300 4506 animi
317 4427 475 4509 habitus
490 4445 531 4510 et
542 4455 701 4527 sensus;
728 4427 935 4510 afferimus
957 4429 1236 4542 imprudentes
1254 4457 1311 4526 ea,

566 4577 569 4584 ,
1135 4559 1138 4568 ’
1208 4543 1212 4588 l

1092 4807 1103 4858 l

96 4878 262 4965 :A
