2710 4998
206 400 318 452 cmv
422 381 463 454 P.
485 377 701 455 V1RG1L11
727 377 962 454 MARONIS
981 378 1114 454 ‚VITA

205 572 341 627 extremis
362 572 458 628 Asiae
480 573 547 628 iam
566 571 704 628 victorin
719 569 779 627 oris
798 568 954 628 Imbellem
968 573 1077 628 avertes
1094 571 1252 628 Romanis
1262 573 1335 627 arri-

205 654 261 712 bus
271 654 400 730 Indum,
432 654 471 713 ad
490 676 516 717 a.
538 653 616 730 7243
639 653 674 730 II,
690 651 754 718 497
773 655 839 714 Aut
856 659 1009 714 coniurato
1028 655 1217 734 descendens¹
1232 657 1336 714 Dacus

204 738 244 797 ab
265 741 358 816 Istro,
380 739 420 800 sd
445 761 472 800 s.
494 741 566 805 725.
594 739 644 815 Ill,
665 743 707 803 26
729 741 769 798 ln
780 739 903 820 soribm
920 741 1335 819 pugrsnm-Gangan'mms

195 825 342 902 jaciam,
368 829 543 906 victorisque
556 847 644 884 amsa
659 825 779 904 Quirms'
785 870 794 900 ,
818 839 908 905 atque
920 826 1146 887 bic—Nilum.
1156 861 1203 872 —
1215 827 1335 886 Addam

205 909 291 968 urbes
312 913 407 972 Asiae
428 913 573 990 domitae,
598 913 781 992 pulsumque
806 911 988 990 Niphaten,
1021 912 1241 991 Fidemmque
1253 912 1334 989 suga

205 995 355 1054 Parthum
375 1003 522 1078 versisque
545 999 683 1076 sagittam
712 997 754 1056 El
773 997 833 1055 cluo
853 1009 944 1075 rapta
964 1018 1058 1056 uranu
1076 997 1196 1056 diverso
1217 1019 1255 1055 ex
1275 996 1333 1054 orbe

205 1093 339 1160 tropaea,
361 1085 477 1162 Bisque
484 1083 686 1161 triumphatas
699 1097 823 1160 utroque
836 1103 858 1140 a
871 1083 967 1140 liltore
976 1096 1090 1162 gerrees.
1128 1083 1208 1142 Tem
1223 1083 1333 1161 magni-

204 1165 260 1224 fice
281 1177 388 1246 poetae
408 1168 446 1230 de
465 1167 553 1247 gestis
575 1188 603 1228 s.
622 1171 684 1231 723
710 1177 741 1228 et
766 1165 828 1231 724
850 1167 994 1244 tradunt3
1022 1167 1168 1228 nonnulla
1183 1177 1331 1247 tamqnam

204 1252 434 1314 vaticinantium
451 1253 573 1334 spiritu:
595 1253 701 1311 saltem
720 1251 781 1312 boc
792 1253 899 1332 Georg.
911 1253 960 1328 ΙΙΙ,
982 1257 1024 1318 26
1038 1274 1081 1332 sq.
1101 1254 1189 1329 loco,
1213 1275 1274 1332 quo
1287 1255 1331 1312 In-

204 1345 289 1397 turss
312 1339 444 1398 Caesaris
464 1339 569 1400 laudes
584 1339 768 1399 vaticinatur
782 1337 884 1414 Maro,
913 1338 983 1398 sdd.
1000 1337 1073 1398 Aen.
1089 1339 1168 1414 VIII,
1183 1341 1250 1404 724
1265 1359 1330 1417 sqq,

204 1432 240 1482 ut
261 1423 335 1484 adeo
358 1425 437 1485 nibil
457 1425 531 1484 binc
554 1426 586 1483 in
607 1423 717 1484 borum
740 1444 891 1489 annorum
914 1423 1046 1484 historiis
1066 1427 1214 1484 constitui
1237 1425 1329 1504 possit

204 1509 359 1570 Hactenus
384 1513 486 1590 itaque
508 1509 584 1570 nibil
615 1519 709 1586 esset,
739 1510 822 1590 quod
842 1529 947 1569 versus
969 1510 1026 1585 IV,
1055 1511 1118 1576 559
1137 1531 1205 1589 sqq.
1230 1511 1331 1568 Caesnr

204 1596 277 1654 dum
288 1617 421 1674 magnus
439 1597 483 1654 ad
503 1598 601 1654 altum
618 1597 776 1655 Fulminat
794 1596 969 1674 Euphraten
991 1593 1068 1656 bello
1081 1595 1260 1672 damnaret,
1281 1595 1327 1655 nisi

197 1681 279 1738 aliae
294 1691 392 1740 essent
408 1681 445 1739 de
459 1682 495 1740 iis
508 1681 698 1760 suspiciones.
905 1675 909 1680 ⁵

289 1765 447 1848 Virgilium
465 1765 588 1846 Neapoli
608 1757 822 1848 Georgicorum
841 1775 958 1847 partem
979 1777 1061 1829 certe
1082 1776 1253 1826 extremam
1265 1784 1326 1844 per-

203 1851 349 1928 texuisse,
372 1872 410 1912 ex
424 1853 475 1913 lib.
493 1854 532 1913 IV
547 1861 625 1912 extr.
641 1853 832 1912 manifestum
848 1863 941 1929 esset,
963 1854 987 1912 si
1010 1873 1116 1912 versus
1130 1849 1201 1912 illos
1220 1853 1256 1910 ab
1275 1851 1326 1908 eius

204 1958 298 1997 msnu
318 1959 378 1997 esse
396 1940 468 1998 satis
494 1947 654 1998 constaret.
697 1939 826 1998 Eratos
848 1939 921 1998 urbs
939 1938 1103 1998 illustrium
1124 1949 1157 1997 et
1178 1938 1324 1998 doctorum

204 2023 342 2084 virorum
356 2045 474 2087 secessu
486 2024 538 2084 illa
554 2035 651 2084 setste
669 2024 807 2104 inprimis
831 2025 968 2100 celebris,
993 2035 1030 2084 ut
1045 2025 1107 2084 otIo
1123 2045 1165 2082 ao
1173 2022 1323 2082 levioribus

205 2109 313 2169 studiis
335 2130 366 2169 ss
385 2111 428 2170 ibi
449 2111 682 2172 committerent.
727 2111 766 2170 In
785 2113 847 2168 otia
861 2123 968 2168 natam
983 2109 1197 2187 Parthenopen
1212 2108 1323 2170 Ovidius

205 2197 337 2276 appellat
357 2196 429 2256 Mer.
448 2195 515 2272 XV,
539 2201 611 2262 712.
638 2193 701 2256 vid.
721 2195 828 2254 Horat.
847 2195 943 2276 Epod.
964 2195 1001 2272 V,
1026 2194 1067 2259 43
1091 2195 1196 2274 ibique
1216 2197 1321 2254 Bsxter.

205 2281 337 2341 Statium
358 2283 430 2342 Silv.
448 2281 504 2358 III,
527 2283 557 2356 5,
581 2283 633 2348 85.
661 2281 767 2340 Silium
786 2281 852 2357 XII,
869 2285 920 2356 31,
940 2281 1136 2362 inprimisque
1157 2283 1322 2342 Strabonem

203 2367 240 2443 V,
255 2387 285 2447 p.
305 2371 376 2432 378.
393 2369 436 2428 ct.
455 2368 571 2428 Camilli
581 2366 731 2448 Peregrini
752 2367 944 2448 Campaniam
957 2365 1034 2428 felic.
1047 2367 1121 2426 Diss.
1136 2367 1175 2444 ll,
1189 2365 1222 2450 §
1236 2371 1282 2431 21.
1297 2373 1321 2420 et

204 2453 244 2514 sd
257 2455 310 2514 Ge.
325 2454 377 2530 IV,
389 2451 462 2520 664.

289 2541 388 2602 Etiam
402 2538 540 2599 Aeneidis
559 2537 734 2600 condendae
752 2538 855 2620 psullo
880 2538 969 2598 altius
983 2538 1113 2617 petitum
1128 2538 1221 2598 luisse
1235 2534 1319 2596 consi-

205 2626 298 2704 llum,
327 2636 398 2707 post
421 2626 580 2706 Speneium
595 2626 629 2686 in
648 2625 794 2705 Polymet.
815 2624 926 2704 Dislog.
940 2623 990 2700 Ill,
1003 2644 1032 2704 p.
1046 2627 1085 2687 18
1101 2631 1261 2685 autument
1273 2619 1320 2680 viri
1342 2703 1343 2706 Ἴ

206 2711 304 2789 docti,
326 2723 363 2773 ut
385 2733 534 2774 summum
553 2713 644 2774 unius
661 2711 821 2792 imperium
843 2719 873 2768 et
892 2719 1011 2789 gentem
1031 2709 1137 2770 Iuliam
1152 2711 1225 2770 sotis
1237 2709 1260 2766 ei
1272 2707 1318 2766 im·

203 2800 288 2879 perio
302 2798 479 2859 destinatum
493 2798 636 2860 Romanis
649 2795 881 2857 commendaret.
894 2797 932 2856 cf.
942 2795 1067 2875 Disquis.
1076 2794 1089 2855 Ι
1098 2797 1132 2855 in
1143 2797 1220 2856 Aen.
1228 2792 1258 2875 §.
1266 2790 1317 2852 XV.

203 2885 266 2945 lem
281 2895 364 2960 tum,
387 2905 456 2946 cum
474 2884 619 2963 Georgica
631 2885 791 2958 scriberet,
814 2882 852 2942 de
865 2881 996 2942 Aeneide
1016 2901 1085 2940 eum
1104 2883 1254 2962 cogitasse,
1267 2877 1318 2938 col-

203 2970 301 3050 ligunt
314 2971 364 3030 olii
377 2991 415 3031 ex
430 2972 535 3050 Goorg.
552 2971 611 3048 ΙΙΙ,
628 2969 670 3036 46
684 2991 727 3050 sq.
750 2972 831 3030 Mox
851 2981 953 3030 tarsen
972 2968 1107 3028 ardentes
1123 2973 1268 3047 accmgar
1278 2963 1316 3020 dl·

203 3077 267 3116 cere
277 3077 404 3136 pugnas
422 3058 570 3116 Caesaris.

375 3279 515 3352 Caesar
534 3156 966 3354 Ocmvgqussffiqsext·
982 3279 1166 3374 Apuleias.

483 3425 516 3474 a.
537 3401 575 3473 e.
592 3405 654 3476 ss.
713 3401 1051 3496 sergium—re.

290 3521 397 3580 Caesar
411 3519 538 3578 Romam
554 3540 694 3582 reversus
709 3541 734 3580 s.
756 3520 786 3580 d.
802 3519 880 3580 VIII.
894 3520 949 3580 VII
963 3530 994 3580 et
1006 3521 1046 3582 VI
1060 3519 1105 3579 ld.
1122 3521 1205 3578 Sext
1221 3511 1312 3604 triuu-

202 3605 310 3684 pbsvit
332 3606 370 3665 ds
387 3605 583 3682 Macedonis,
613 3607 762 3666 Dalmatia
784 3615 816 3665 ot
839 3605 991 3686 Aegypto,
1020 3606 1108 3666 trinis
1128 3604 1244 3664 diebus:
1263 3589 1312 3652 ud·

203 3691 257 3750 llio
278 3691 331 3766 LI,
355 3697 406 3756 21.
450 3692 519 3752 Huc
540 3693 692 3752 referendi
714 3711 819 3752 versus
839 3692 876 3750 de
900 3691 994 3772 clipeo
1019 3689 1136 3750 Aeneae
1158 3689 1231 3748 Aen.
1252 3675 1311 3747 Vfflr

203 3775 266 3841 714
282 3798 345 3856 sqq.
358 3779 402 3838 At
418 3779 530 3837 Caesar
546 3782 660 3857 trsplici
673 3783 805 3838 devectus
820 3779 964 3837 Romana
977 3777 1126 3856 trisempho
1139 3773 1254 3834 moenia
1267 3771 1311 3822 ⁶1⁰·

286 3863 412 3922 Decreto
426 3865 554 3922 Senatus
568 3865 656 3926 lanus
668 3865 785 3923 clausus
797 3873 857 3940 est,
878 3883 972 3942 usque
988 3863 1028 3922 sd
1043 3883 1069 3922 s.
1087 3865 1161 3926 727.
1173 3856 1233 3920 vid.
1247 3849 1311 3912 Mss-

165 3995 167 4000 .
202 3967 267 4007 son.
284 3968 313 4027 p.
327 3947 368 4012 74
387 3959 418 4008 et
433 3949 488 4008 llio
511 3949 556 4024 LI,
571 3955 613 4015 20
632 3961 663 4010 ct
676 3951 717 4010 ibi
730 3949 800 4010 Not.
843 3950 913 4024 Quo
933 3949 1071 4028 Virgilius
1084 3945 1245 4026 respexisse
1257 3951 1310 3994 Μ’

203 4033 287 4092 ditur
300 4032 374 4094 Aen.
388 4035 412 4110 I,
425 4036 488 4102 295
496 4069 539 4082 -
548 4039 611 4101 300
632 4037 752 4114 Aspera
767 4048 830 4093 tum
839 4037 949 4114 positis
963 4040 1114 4094 mitescent
1127 4029 1247 4091 saecula
1259 4018 1309 4079 bel·

201 4121 240 4178 lis
252 4153 295 4164 -
310 4120 395 4178 disne
419 4121 604 4181 clauderem
624 4121 696 4181 belli
709 4133 842 4198 portae:
871 4121 918 4180 uti
938 4141 968 4181 v.
991 4123 1054 4184 296
1085 4120 1172 4176 Gora
1191 4110 1273 4175 hides
1288 4111 1308 4158 ‘l

206 4207 316 4281 Vesta,
340 4207 437 4264 Remo
452 4205 627 4285 cumfratre
642 4209 785 4285 Quirinus
802 4209 878 4266 Iura
890 4205 1015 4283 dabam,
1040 4204 1080 4264 ad
1094 4205 1252 4263 Censurom
1262 4191 1308 4250 1¹⁰⁶

201 4311 281 4350 enno
303 4311 321 4348 s
340 4291 480 4367 Gsesore,
508 4303 640 4354 assumto
661 4292 702 4352 M.
726 4289 858 4372 Agrippa
879 4293 1004 4372 college,
1027 4299 1125 4351 setam
1137 4291 1192 4349 Ilio
1202 4281 1255 4355 bil,
1266 4274 1305 4337 411·

201 4377 373 4437 Nectomen
393 4376 453 4436 hoc
471 4377 536 4458 ipso
556 4400 635 4439 enno
654 4397 759 4441 versus
779 4377 846 4436 illos
859 4379 987 4458 scriptos
1004 4395 1067 4436 esse
1082 4393 1199 4437 necesse
1212 4379 1264 4428 est:
1279 4365 1305 4417 ¹¹²

201 4463 406 4525 arbitrabatur
423 4461 552 4526 Messon.
565 4465 598 4526 in
619 4466 691 4528 leno
708 4471 842 4526 resmsto
863 4485 894 4544 p.
908 4462 959 4530 64.
1002 4464 1064 4525 Nec
1082 4463 1174 4545 magis
1187 4443 1303 4520 don-Vb
