2652 5032
112 396 115 406 ·
182 368 997 470 GEORGICONLIB.11,270-277
1075 380 1150 456 441

34 567 274 655 Densasere3
292 561 334 636 in
346 559 472 636 denso
483 580 568 636 non
579 559 1153 658 segniorubereuaechus.275

35 667 98 740 Sin
115 663 281 741 tumidis
295 662 443 740 adclive
460 663 592 738 solum
610 663 799 766 collisque
817 663 998 765 supinos:

34 767 196 866 indulge
215 767 441 864 ordinibus,
467 791 543 842 uec
562 767 689 845 secius
708 767 859 866 omnis,
885 767 928 844 in
944 790 1123 866 unguem

77 921 167 994 277.
195 934 418 991 ouummus.
443 915 528 990 Nnc
582 933 762 987 ouu1s1u

59 1121 113 1174 275
132 1121 267 1172 Bocchum
284 1119 366 1172 Goth.
381 1137 422 1189 pr.
492 1121 545 1174 276
562 1115 672 1171 adcline
683 1116 809 1170 Medios
829 1136 863 1170 m.
886 1137 942 1189 pn,
963 1137 1014 1174 neo
1027 1127 1114 1170 tamen
1137 1135 1153 1170 a

31 1189 156 1258 Poggiuio
179 1200 309 1240 notatum.
335 1191 447 1258 (Nempe
466 1187 596 1258 Foggiuio
617 1197 686 1238 testa
706 1197 733 1238 et
754 1187 896 1258 Freytagio
915 1190 1002 1242 naboe
1022 1186 1154 1240 eustatio

31 1259 161 1322 biediceo,
181 1259 397 1328 dauperscripta.
420 1257 491 1322 Wni
532 1256 730 1310 launu'b'cidem
750 1275 765 1309 a
784 1277 818 1310 m.
839 1277 878 1327 pr.
910 1260 1035 1330 proclive
1055 1259 1152 1310 Moret.

3 1378 5 1382 .
30 1339 108 1397 quart.
145 1329 241 1398 supini
253 1327 353 1380 Nouius
368 1327 395 1378 in
406 1328 568 1408 indulgere,
593 1336 620 1377 et
641 1327 777 1388 Pambas.;
797 1337 825 1377 et
843 1335 932 1396 potest
951 1327 1066 1378 defendi.
1101 1327 1155 1392 Qui

30 1398 138 1448 imnub'c
153 1397 235 1448 Goth.
249 1415 301 1450 ssc-
369 1399 423 1452 277
441 1409 527 1448 setius
538 1395 632 1447 Medic.
649 1396 731 1460 Gud,
755 1407 815 1448 uter
833 1413 865 1448 nc
887 1397 995 1448 Mentel.
1010 1397 1064 1448 Eri.
1084 1415 1100 1450 a
1117 1413 1152 1446 m.

28 1485 63 1535 pr.
81 1465 180 1517 etalii.
206 1469 320 1538 segnius
331 1466 457 1518 Rotteud.
475 1476 502 1517 et
515 1483 580 1516 nnus
592 1464 693 1517 Rodlci.
709 1467 798 1518 cumE
825 1483 859 1516 .a
877 1485 985 1530 m.sec.,
1010 1465 1089 1518 solita
1103 1481 1153 1516 va—

29 1537 147 1586 ristione.
184 1537 276 1587 serius
291 1536 413 1588 Aruudcl.
448 1537 487 1588 De
508 1545 638 1617 perpetua
662 1534 689 1584 iu
709 1534 759 1586 buc
781 1552 846 1586 voce
868 1535 995 1587 varietate
1021 1533 1153 1587 scribendi

28 1605 183 1658 ridiieins.
205 1603 240 1655 ad
258 1605 332 1656 ovid.
351 1607 415 1656 Met.
430 1607 462 1668 Π,
480 1605 540 1659 809.
560 1605 608 1655 inf.
632 1609 696 1655 Aen.
716 1605 771 1668 ix,
789 1602 849 1658 441.
867 1607 901 1669 V,
919 1607 979 1660 862
1014 1604 1153 1674 Antiquior

29 1675 115 1742 utique
131 1683 174 1725 est
186 1673 315 1742 scriptura
336 1677 423 1726 setius
444 1683 472 1725 et
493 1676 589 1726 secius.
624 1679 647 1725 Δ
660 1675 771 1742 sequius
789 1683 877 1726 tamen
891 1674 934 1725 vel
952 1693 1031 1726 aecus
1047 1675 1152 1737 ducme,

29 1743 145 1812 syllabae
158 1743 260 1812 primae
277 1743 408 1812 quantitas
422 1752 502 1794 vetat.
538 1745 605 1794 Puto
620 1745 709 1797 secius
724 1760 796 1806 ase,
814 1759 863 1812 pso
878 1744 942 1808 sine,
960 1744 1066 1796 ductum
1078 1761 1152 1804 esse;

29 1823 52 1862 ιι
65 1814 210 1864 formatum
223 1822 261 1875 ut,
279 1813 358 1864 ocius.
394 1812 447 1864 Alii
462 1811 490 1862 in
510 1830 582 1882 seqq.
596 1811 760 1882 distinguunt
779 1823 806 1863 et
823 1812 1011 1882 inter-pungunt
1028 1813 1079 1868 boc
1091 1831 1152 1864 mo-

28 1883 75 1932 dot
93 1881 155 1934 Nec
168 1883 259 1932 secius
275 1910 308 1920 -
320 1881 449 1952 quadret:
473 1885 509 1933 Ut
521 1899 603 1952 saepe
616 1909 650 1920 -
663 1884 744 1932 Mora
754 1894 830 1934 errat
844 1884 874 1934 in
892 1885 983 1936 otms's.
1007 1883 1103 1936 Omnia
1117 1911 1152 1921 -

29 1963 52 2001 ut
69 1951 105 2002 sit
120 1969 172 2004 nec
186 1952 277 2001 secius
290 1963 321 2002 ut
333 1969 382 2020 pro
395 1969 451 2004 non
465 1969 544 2004 secus
558 1969 605 2002 ac:
630 1949 683 2002 sint
697 1950 805 2002 arbores
820 1951 847 2001 iu
859 1950 1027 2021 quincuncem
1039 1952 1152 2024 positae,

27 2031 53 2070 ιιι
73 2020 148 2087 legio
168 2017 325 2072 cohortibus
345 2037 393 2090 per
413 2019 559 2089 manipulos
580 2019 724 2089 dispositis.
749 2019 891 2089 (Heyuium
910 2020 1060 2074 ordinibus.
1094 2023 1154 2074 Nec

28 2093 117 2142 secius
139 2089 228 2140 onmis
246 2091 276 2139 in
296 2117 330 2128 -
343 2117 378 2130 -
394 2092 497 2172 positis
519 2101 593 2140 secto
613 2099 662 2140 etc.
697 2090 774 2141 Haud
790 2090 855 2142 levis
871 2090 914 2142 bic
934 2091 1011 2142 uobis
1027 2089 1153 2142 obiicitur

27 2157 180 2222 difficultas,
198 2157 282 2208 multo
297 2157 344 2210 illa
360 2159 465 2228 quidem
479 2157 600 2226 gravior,
619 2176 695 2228 quam
709 2159 765 2210 visa
783 2167 824 2212 ast
839 2159 1017 2230 superioribus
1038 2160 1153 2212 editori-

26 2229 79 2279 bus.
119 2227 183 2280 Non
197 2229 288 2278 uetus
299 2227 370 2279 idem
385 2229 457 2290 iere,
474 2228 546 2298 quod
556 2245 612 2279 non
628 2229 725 2280 nunus.
760 2229 827 2280 Huic
846 2249 901 2282 non
926 2231 1017 2282 secius
1035 2248 1092 2282 eam
1108 2231 1153 2282 iu-

25 2299 131 2348 terdum
155 2297 259 2359 inesse,
296 2315 372 2366 quum
393 2295 421 2348 b.
438 2297 458 2348 1.
479 2297 534 2347 vult
555 2296 582 2347 in
605 2299 669 2348 Not.
689 2298 822 2366 Heynius,
846 2297 1062 2366 significationem
1080 2301 1151 2364 item,

27 2371 128 2430 enam,
150 2383 204 2416 non
228 2383 305 2432 nego.
340 2369 440 2420 Verum
458 2366 524 2418 baec
550 2375 610 2416 sunt
629 2367 788 2418 transeuntis
809 2367 842 2418 ad
863 2367 923 2418 alia.
958 2369 1010 2419 Sed
1021 2368 1076 2420 tale
1090 2369 1153 2438 quid

25 2437 131 2486 minime
143 2433 268 2486 convenit
286 2434 346 2487 huic
363 2435 440 2499 loco,
458 2436 504 2486 ubi
522 2450 574 2486 nou
592 2451 687 2486 novum
707 2435 770 2505 quid
784 2435 906 2500 affertur,
931 2436 979 2486 sed
999 2435 1152 2502 illustratur,

26 2507 95 2574 quod
109 2504 189 2556 modo
203 2514 397 2573 praecesserat,
415 2505 530 2575 indulge
542 2501 690 2556 ordinibus.
726 2504 850 2568 Vossius,
876 2523 953 2573 quem
969 2505 1041 2556 iahn.
1061 2507 1153 2574 sequi-

25 2585 81 2638 tur,
100 2573 206 2624 leniore
220 2583 284 2642 post
298 2575 403 2626 verbnm
417 2575 548 2644 quadret,
573 2573 651 2642 plena
666 2581 751 2626 autem
771 2572 798 2624 in
812 2574 863 2624 fine
878 2592 916 2624 vs.
929 2575 990 2627 283.
1010 2573 1152 2644 interpun-

26 2645 116 2695 ctione
136 2641 242 2712 posita,
269 2641 353 2712 iungit
371 2644 430 2696 Nec
451 2645 627 2696 secius-ut.
663 2643 716 2696 Sed
731 2643 850 2710 exempla
866 2643 900 2694 ab
917 2642 964 2692 illo
978 2643 1153 2696 laudatorem

26 2713 132 2764 minime
147 2711 298 2764 conficiunt.
333 2715 401 2764 Nam
417 2731 539 2764 sscus—
557 2723 602 2774 ut,
629 2710 701 2782 qnod
714 2729 745 2762 ex
760 2713 852 2762 Horat.
871 2711 919 2762 0d.
934 2713 978 2774 111,
996 2713 1039 2776 25,
1057 2714 1152 2768 8-12.

25 2785 118 2846 aden,
141 2799 157 2832 a
173 2781 293 2832 Bentleio
310 2801 324 2832 e
340 2782 416 2833 codd.
431 2781 551 2832 insecus
565 2809 598 2818 —
612 2799 645 2831 oc
657 2785 780 2832 mutatur.
817 2780 896 2843 Quod
915 2789 1001 2832 autem
1023 2799 1038 2832 a
1057 2781 1151 2834 Plauto

26 2853 94 2904 idem
118 2849 219 2902 excitat
235 2853 391 2922 pariter—
408 2863 452 2915 ut,
483 2849 713 2900 demonstrandum
734 2857 806 2912 erat,
841 2849 921 2900 etiarn
943 2867 1037 2902 aureas
1057 2851 1152 2902 aetatis

24 2922 178 3042 'srmpqqqprleq
194 2918 357 3043 silczloqcutolq
373 2937 463 3040 gni]
478 2919 538 3039 qus
552 2917 801 3042 gpbqniwpoqdeqis
822 2919 988 3040 ququpiaLab
1001 2916 1099 2972 Baebio
1118 2920 1153 2972 ad

49 3008 57 3040 ι
322 3007 373 3040 aa
466 3006 511 3038 ora
593 3023 600 3039 .
735 3006 807 3040 -.:
883 3005 1152 3042 onreraeuc

25 3089 99 3100 --
117 3027 223 3110 rata
242 3027 277 3108 ἐι
295 3028 416 3109 ωηο.“’
432 3028 746 3127 Ptiuupist1‚'20,'1.:
765 3027 906 3122 „subm
923 3075 1031 3128 aeque
1047 3059 1075 3110 u
1089 3008 1153 3112 ia·-

25 3129 57 3180 ria
74 3127 204 3197 agendis,
223 3137 261 3178 ut
277 3127 392 3178 brevitas
407 3127 521 3196 placet.“
557 3131 591 3178 At
606 3126 628 3177 si
640 3127 751 3196 probum
766 3145 851 3197 acqua
863 3156 896 3166 —
914 3141 960 3193 ut,
978 3147 1100 3181 ucus-
1114 3142 1152 3195 ιιι,

20 3205 131 3270 ponaer
140 3220 175 3235 -·
183 3207 224 3260 ue,
241 3213 302 3248 num
314 3196 376 3248 inde
391 3196 567 3265 consequitur,
585 3197 665 3249 etiam
675 3198 764 3249 secius
772 3209 844 3248 —ut
856 3197 978 3250 Latinum
989 3197 1066 3252 esse?
1087 3200 1153 3252 Cra-

22 3357 145 3415 vineam
157 3352 241 3428 iacis,
257 3353 372 3428 densas,
385 3353 431 3412 sin
443 3353 476 3412 in
487 3351 571 3428 colle,
613 3361 671 3412 tes:
700 3361 769 3430 aut,
799 3357 832 3413 in
851 3354 959 3430 denso,
985 3355 1016 3416 b.
1035 3376 1060 3416 e.
1074 3375 1152 3432 cum,

22 3463 110 3502 mu
133 3440 274 3520 plantato
294 3439 380 3500 vites.
424 3438 459 3498 ln
480 3457 571 3518 pree·
612 3439 778 3500 minoribus
800 3441 1043 3521 spatiisrelictia,
1077 3441 1153 3501 den-

22 3537 114 3607 ocpto
123 3525 315 3586 hocvsnant
328 3525 503 3602 scriptores:
519 3523 571 3600 qui
613 3544 663 3584 sae
687 3535 846 3618 ponuntur
874 3527 973 3602 vites,
1008 3527 1153 3586 Bacchus

21 3611 80 3672 bos
115 3611 273 3671 consulere
299 3610 448 3686 voluerit,
484 3608 572 3668 adeat
612 3629 673 3668 non
694 3613 815 3689 segnior
834 3609 937 3686 reim,
966 3609 997 3670 b.
1014 3612 1153 3670 ubertate

22 3699 136 3758 b'otsrn
152 3695 267 3756 Cordus
281 3695 319 3756 ad
339 3695 412 3761 275.
456 3697 573 3754 Morari
613 3703 676 3770 est,
704 3696 766 3755 scil.
787 3696 812 3756 si
832 3695 866 3754 in
892 3696 995 3776 pingui
1017 3697 1080 3756 solo
1103 3697 1153 3755 vi-

21 3803 143 3862 agios,
173 3781 323 3858 finiendo,
353 3779 384 3840 b.
409 3779 430 3840 l.
459 3779 497 3838 de
521 3797 571 3856 eo,
613 3800 701 3840 neam
715 3781 797 3841 facis.
830 3780 966 3840 Alterum
981 3779 1040 3840 boo
1052 3782 1153 3842 verius

23 3869 112 3948 quod
123 3865 573 3946 consequitur-,intelligqnem-
612 3864 794 3926 babendum.
837 3865 879 3924 At
897 3869 930 3924 in
951 3867 1045 3926 demo
1067 3866 1153 3926 uber*-

22 3975 63 4035 pe
96 3954 218 4014 vineam
251 3953 424 4026 instituere,
466 3951 572 4010 tacere.
614 3963 674 4012 tate
694 3953 748 4012 vix
762 3951 854 4010 latine
873 3951 993 4010 dicitur.
1017 3949 1154 4033 (densum

23 4041 100 4104 275.
118 4039 201 4098 Haec
214 4047 268 4098 aut
276 4037 318 4097 sic
328 4037 420 4116 accipi
432 4046 572 4116 possum:
613 4037 685 4097 uber
710 4045 755 4096 est
780 4037 873 4111 uber,
906 4036 1002 4096 solum
1027 4037 1153 4098 densum

23 4127 164 4184 baderico
181 4123 267 4183 uben
295 4120 427 4204 (vati)
449 4143 510 4180 non
523 4143 572 4182 se·
613 4123 745 4198 vitibus,
777 4142 814 4182 ιι
836 4131 1001 4198 contextu,
1028 4132 1065 4182 ut
1082 4125 1153 4182 ἱίιιιι

21 4215 120 4288 gnior
136 4209 282 4270 Bacchus
310 4221 352 4266 eat
364 4231 375 4280 ;
404 4205 435 4266 b.
454 4207 487 4266 in
507 4207 571 4266 uolo
613 4206 928 4268 denswnestdensum
942 4207 1049 4284 arenis,
1063 4208 1152 4270 Ovid.

25 4297 124 4354 denso
146 4293 197 4374 (cf.
217 4291 294 4374 229)
324 4292 386 4354 vini
400 4294 571 4352 noumiuus
611 4293 684 4354 Met.
703 4293 746 4368 11,
769 4293 841 4359 576.
862 4291 974 4376 Wcls.)
997 4299 1097 4372 segnis
1115 4295 1153 4354 de

23 4381 128 4440 laena
155 4387 347 4459 proventus,
386 4377 502 4436 etiamsi
521 4377 571 4436 ni-
612 4388 764 4460 provantu
775 4377 838 4438 vid.
851 4379 921 4440 Not.
934 4379 973 4438 ad
986 4381 1038 4440 Ge.
1050 4381 1152 4454 1‚151.

23 4467 141 4526 mirum
159 4467 255 4524 densa
262 4507 273 4542 ,
299 4462 331 4523 b.
348 4461 455 4538 deuse,
481 4463 571 4543 plan·
613 4465 754 4526 Geterttm
767 4461 819 4524 bic
829 4465 1021 4526 manifestum
1034 4465 1080 4542 fit,
1094 4468 1152 4524 So·
