2606 5008
346 377 422 454 AD
448 375 758 456 BUCOLICA
811 403 814 408 ·
1039 387 1116 466 259

43 567 101 626 euius
110 563 142 626 sd
153 585 201 626 nos
209 567 350 630 memoris
361 569 446 630 nulls
461 570 615 650 pervenit,
645 589 734 651 quem
750 569 854 632 Gallus
866 571 966 634 Ietinis
979 575 1115 636 vernhus

41 651 150 728 nddidit3
167 653 347 715 verisimilius
366 664 465 718 tamen
480 666 525 716 est
534 700 543 732 ,
570 657 661 717 fuisse
672 658 861 736 particulam
881 658 1029 720 Chilc'ads‘s
1045 661 1116 746 estol

41 742 144 818 psepo'c
162 757 178 796 s
196 739 277 800 Gallo
296 741 391 800 lstine¹
403 761 588 802 conversam.
631 743 713 803 Inter
728 743 787 802 elia
799 743 878 803 enim
891 745 1010 806 oracula
1024 748 1115 807 etism

40 823 120 902 Grynei
136 822 228 885 debuit
243 828 419 888 memoratio
440 828 515 890 fieri.
564 829 716 909 suspicari
741 849 861 914 quoque
887 830 993 909 sliquis
1010 834 1114 912 possit,

38 909 105 988 hopd
115 929 210 972 nomen
228 911 321 974 leters
341 913 375 974 in
387 933 463 976 voce
481 923 624 995 corrupte
640 916 814 994 Moponlc,
838 924 870 974 et
886 915 976 976 fuisso
995 913 1114 998 Μόψου

37 994 86 1072 hs,
102 1005 145 1056 sut
153 1001 365 1078 Moossmm.
408 1001 490 1060 Inter
502 999 575 1062 haec
588 1009 682 1060 restat
695 1000 870 1076 difficultas,
893 1002 976 1081 quod
988 1024 1051 1064 non
1064 1005 1114 1064 in-

37 1081 97 1160 telligi
108 1090 207 1161 potest,
232 1085 378 1164 quidnam
391 1086 424 1146 in
441 1086 529 1146 simili
546 1107 637 1167 opere
655 1087 733 1146 Galli
748 1087 785 1146 eb
799 1085 930 1147 Hesiodo
943 1099 1114 1150 munntmn

36 1183 76 1224 scs
87 1168 216 1246 potnerit:
240 1190 313 1230 nsm
332 1172 487 1232 Hesiodea
496 1171 610 1246 fistula
631 1171 707 1232 haec
728 1192 835 1232 canere
854 1171 971 1235 dicium
1020 1175 1113 1236 Nimis

35 1262 121 1312 scutum
134 1262 201 1312 esset
219 1255 243 1314 si
264 1255 395 1333 diceres,
422 1256 506 1318 aliud
523 1257 648 1323 Hesiodi
663 1279 738 1338 opus
753 1259 875 1339 respici,
894 1279 955 1320 non
975 1258 1046 1342 ἔργα
1061 1260 1113 1324 ascl

34 1334 126 1416 ipim,
150 1339 223 1398 torte
237 1337 275 1404 rol
295 1341 354 1424 luo
371 1339 515 1424 μαντικὰ,
542 1332 578 1402 'et
590 1341 817 1425 Melcpuodlov
832 1344 903 1404 olim
916 1345 942 1404 ei
957 1344 1113 1422 tributam,

33 1443 92 1498 pan
110 1422 275 1504 Euphorion
294 1437 346 1488 sut
365 1438 510 1508 sequutus
529 1437 594 1488 eret
607 1437 660 1490 sut
678 1439 871 1510 expresserat.
914 1431 1028 1491 Verum
1040 1431 1113 1492 sim-

32 1507 105 1584 plic'us
120 1529 163 1568 res
180 1511 219 1570 its
242 1514 454 1575 constituitur:
480 1514 565 1575 Idem
583 1514 759 1596 Euphorion
780 1525 810 1574 et
822 1508 966 1582 Ἡσίοδον
982 1525 1012 1576 et
1027 1521 1113 1600 Χρη-

31 1589 97 1670 usic
106 1595 253 1676 scripserat
258 1621 268 1676 3
298 1599 383 1680 prius
397 1600 474 1660 illud
492 1599 624 1662 habebat
636 1601 749 1680 aliquid
763 1601 956 1662 coniunctum
970 1619 1040 1662 cum
1050 1603 1114 1663 vitu

30 1689 143 1756 putenm
160 1690 189 1740 et
203 1685 351 1746 cantibus.
395 1687 471 1746 Cum
480 1687 764 1768 Gallusoccupotus
781 1697 856 1747 esset
876 1688 907 1747 in
921 1689 1015 1748 altero
1032 1692 1114 1770 Χρη-

29 1769 88 1842 luds
99 1763 186 1848 opere,
207 1771 370 1832 memorari
382 1781 501 1852 poterat
513 1773 606 1832 Linus
620 1773 741 1837 trudere
753 1774 881 1834 calamos
887 1773 1011 1834 Hesiodi
1018 1774 1112 1852 Gallo,

28 1851 104 1926 quibos
115 1863 247 1915 uteretur
258 1857 293 1916 in
307 1857 402 1918 altero
415 1877 506 1938 opere
519 1857 652 1920 eiusdem
664 1867 767 1939 poetee
780 1859 984 1940 exprimendo.

84 1937 103 1995 F
104 1939 256 2001 erumnas
271 1943 292 2002 l
305 1962 331 2003 c
343 1943 420 2003 miro
433 1943 569 2008 acumine
582 1945 669 2022 plurs
689 1945 768 2004 Galli
780 1946 911 2006 carmina
926 1966 965 2006 ex
977 1945 1114 2006 versibus

27 2017 153 2100 lugilisnis
164 2027 342 2108 emcslpsit:
364 2048 403 2088 ex
416 2049 447 2090 v.
462 2029 584 2109 quidem
598 2035 640 2094 70
653 2030 789 2112 colligere
801 2032 883 2109 vult,
905 2051 975 2092 eum
986 2032 1114 2092 lstinum

26 2105 96 2166 lesisse
108 2109 267 2172 Hesiodum
292 2113 512 2194 Euphorionis,
540 2135 580 2174 ex
601 2135 631 2176 v.
651 2120 692 2180 73
708 2136 776 2176 eum
798 2119 923 2178 vertisse
937 2118 1027 2178 latine
1040 2117 1114 2178 Chi-

24 2189 115 2270 liadem,
133 2205 195 2256 tum
218 2217 259 2256 ex
278 2219 309 2259 v.
330 2197 371 2264 74
389 2201 540 2282 scripsisse
566 2220 636 2260 cum
659 2202 792 2262 subulam
811 2205 927 2284 Scyllae
945 2204 1112 2283 utriusque,

24 2295 118 2352 quarum
136 2283 259 2342 alteram
280 2304 433 2364 superesse
458 2287 491 2345 in
511 2286 572 2345 oiri
591 2287 712 2366 Virgilio
735 2288 827 2348 tribui
849 2289 935 2349 solite
948 2289 1113 2366 contendit,

23 2368 258 2430 tsttssbutam
279 2370 366 2430 Terei
386 2381 416 2430 et
433 2371 622 2432 Philomelae.
665 2372 748 2432 Haec
769 2383 870 2433 tumen
885 2375 923 2435 ad
939 2375 1030 2435 Sileni
1045 2395 1114 2434 cer·

22 2463 225 2531 respectare,
257 2455 382 2516 meliore
405 2457 438 2518 in
505 2457 655 2517 relatione
678 2459 762 2518 facile
788 2457 906 2520 edoceri
927 2467 1047 2540 poterat
1065 2459 1114 2519 vir
1224 2488 1229 2510 ·

21 2531 180 2630 lectissimus.
224 2541 311 2600 Cin'n
330 2543 416 2602 Gallo
436 2465 627 2604 hirdinem
645 2552 677 2603 et
698 2543 763 2620 alii,
784 2543 866 2604 inter
879 2565 954 2623 quos
967 2543 1113 2604 Gifsnius.

20 2621 62 2680 ud
73 2623 196 2686 Prooem.
210 2623 252 2686 sd
264 2627 356 2688 Cirin.

79 2711 208 2772 Celerum
230 2712 449 2794 Euphorionis,
476 2721 512 2774 ut
529 2721 699 2773 ceterorum
721 2709 997 2773 Alexandrinorum
1008 2721 1114 2794 posts-

19 2807 76 2868 tuu,
100 2817 203 2880 msgns
222 2799 283 2860 suit
300 2799 414 2858 llomse
432 2797 489 2858 hec
510 2807 605 2859 estne
623 2797 817 2857 existimatio:
840 2806 871 2856 et
882 2798 953 2858 inde
964 2799 1115 2878 interpre-

19 2879 98 2939 tandos
111 2901 169 2942 esse
182 2904 291 2944 censeo
306 2897 440 2944 cantcm
452 2885 656 2964 Euphorionis
669 2903 714 2964 ep.
729 2883 787 2943 Cic.
802 2883 890 2943 Tusc.
905 2884 956 2959 ΠΙ,
973 2888 1030 2959 19,
1051 2903 1114 2944 non

19 2969 137 3044 uuquam
149 2970 251 3030 mollis
263 2969 388 3046 alicuius
398 2978 504 3050 poetae
516 2980 674 3030 amotores:
692 2989 767 3046 quse
783 2969 992 3048 interpretatio
1004 2969 1115 3030 funde-

19 3055 210 3116 munitiones
224 3065 318 3132 caret,
337 3076 406 3116 cum
418 3057 481 3116 eius
493 3057 625 3118 carmina
641 3055 785 3114 amatoris
798 3055 880 3114 nulla
892 3075 1017 3136 usquam
1030 3076 1115 3116 com-

19 3149 197 3202 memorentur.
243 3141 286 3202 At
306 3141 488 3202 obscuritate
503 3161 586 3218 eum,
609 3151 640 3200 et
655 3140 777 3219 quidem
792 3159 830 3199 ex
851 3140 1005 3202 doctrines
1021 3143 1114 3223 copis,

19 3239 57 3280 lou
68 3227 158 3286 ninus
170 3248 264 3306 quem
273 3225 488 3287 Callimachum
498 3228 531 3292 lv
540 3227 657 3300 Αἰτίοις
668 3235 698 3284 et
705 3225 943 3306 Lycophronem,
955 3228 1114 3305 laborasse,

19 3307 90 3370 ttlex
106 3313 165 3374 Cic.
187 3313 228 3374 de
249 3313 318 3374 Div.
331 3313 369 3390 ll,
384 3311 436 3390 64,
458 3321 487 3372 et
509 3313 599 3373 clem.
614 3315 724 3372 Strom.
738 3313 772 3388 V,
786 3333 852 3394 png.
867 3318 930 3379 676
941 3323 1047 3374 notum
1060 3322 1114 3388 est,

19 3395 185 3540 dspohhsnc
206 3399 337 3460 eandem
360 3399 574 3460 chsctuitstens
593 3397 776 3480 probaverat
799 3417 831 3458 sc
848 3399 967 3460 Tiberio
987 3397 1114 3475 Caesari,

19 3495 33 3534 Π
72 3485 148 3546 Suet.
160 3505 226 3569 cap.
242 3489 295 3552 70.

274 3733 724 3816 EXCURSUS
774 3735 831 3814 1v

407 3882 700 3968 Dossytto

74 4061 132 4124 Est
146 4063 199 4142 vl,
215 4060 259 4128 74
282 4061 417 4142 &fliam
430 4063 525 4138 Nisi,
550 4062 743 4144 quomscma
757 4069 882 4140 seqssuta
897 4065 950 4132 cst,
977 4050 1116 4116 Candida

19 4151 169 4210 misceam
191 4147 374 4210 &mnus
391 4150 520 4228 s'cgm'nc
539 4151 676 4207 monstris
694 4143 860 4206 Dulichios
879 4163 1003 4202 vexasse
1027 4155 1115 4218 mus,

19 4238 156 4314 tgwgs'ts
176 4239 211 4296 in
233 4233 390 4294 citasti!
419 4233 662 4294 timidosm
682 4229 1112 4291 smibostaserasssman'nn.

19 4325 66 4376 len,
77 4319 123 4398 ΠΙ,
133 4321 199 4388 426
221 4323 267 4382 As
279 4320 413 4400 Scyllm
427 4321 525 4378 caecis
537 4318 651 4379 cohibet
664 4317 808 4397 spehsncc
820 4311 958 4390 latebris,
988 4313 1050 4373 Orc
1061 4333 1116 4372 ex-

19 4414 146 4466 vtmtem
166 4419 196 4467 et
211 4407 303 4467 navis
325 4407 359 4465 in
379 4425 457 4464 accc
471 4404 643 4464 uolentem.
685 4403 792 4462 Prsinc
811 4399 1065 4480 dominuscos'es,
1088 4409 1117 4456 ct

830 4500 911 4573 lt*
