2660 5002
236 391 309 468 154
473 393 514 466 P.
542 387 806 465 VIRGlLll
832 389 1106 466 MARONIS

229 579 321 653 Non
338 573 407 649 ulli
426 587 557 674 pastos
571 574 642 650 illis
660 595 776 672 cgere
793 571 932 650 diebus

228 677 401 776 Frigida,
440 677 616 779 Daphni,
655 677 779 754 boves
813 677 862 754 ad
901 675 1087 770 ssumina;
1128 675 1225 756 nulla
1258 703 1307 752 ne(

809 805 971 856 amnem
1278 789 1307 858 u

229 883 381 960 Libavit
397 883 640 985 quadrupes»,
665 908 741 960 nec
756 885 942 982 graminis
959 884 1095 981 adtigit
1110 881 1271 960 herburu

227 986 403 1088 Daphni,
430 1000 544 1064 tuum
559 991 716 1064 Poenos
732 989 849 1064 etiam
867 989 1107 1086 ingemuisse
1122 986 1249 1062 leones

228 1091 455 1188 Interitum,
481 1105 719 1193 montesque
733 1088 807 1167 feri
822 1091 1018 1194 silvaeque
1034 1091 1253 1192 loquuntur.

278 1232 339 1308 25.
365 1251 495 1317 sunus
514 1251 608 1307 suu.

260 1411 296 1472 24
313 1416 450 1469 Nonnulli
467 1419 557 1486 irsgrn.
575 1419 684 1480 Morsu,
700 1418 775 1469 rnnle.
853 1419 888 1473 25
908 1418 968 1469 ullu
981 1435 1032 1468 nee
1044 1417 1173 1470 nonnulli.
1188 1416 1235 1468 rid.
1246 1414 1307 1466 lirin

227 1485 352 1554 (Restitni
371 1485 484 1554 Virgilio
504 1505 562 1538 nee.
597 1487 658 1538 Vid.
672 1491 704 1550 Q.
717 1489 749 1540 V.
765 1489 887 1551 xxxu,
907 1492 947 1543 11.
976 1486 1046 1552 We.)
1082 1488 1121 1538 ud
1134 1489 1307 1556 fluminunstu

226 1573 276 1606 nec
290 1573 393 1606 onmem
405 1556 521 1618 uuicti..
539 1573 590 1606 non
603 1555 701 1608 infelici
718 1557 896 1609 aberratione:
916 1556 995 1607 modo
1002 1554 1117 1628 frigida
1133 1573 1184 1606 non
1199 1553 1307 1622 praecele-

225 1633 274 1675 ret.
300 1625 337 1675 ud
348 1626 469 1693 flumina
482 1625 562 1676 nulla
577 1625 700 1692 iungebat
712 1626 831 1694 Lougob.
900 1628 936 1681 26
949 1625 1099 1697 quadripes
1112 1625 1187 1677 codd.
1200 1623 1264 1675 etinn
1274 1619 1306 1672 rie

225 1693 277 1744 vid.
290 1693 358 1744 Pier.
377 1694 535 1763 (quadripes
546 1695 626 1744 semel
641 1694 666 1746 in
682 1696 813 1756 Mediceo.
831 1699 896 1748 Aen.
910 1697 964 1760 xl,
981 1690 1041 1749 714.
1061 1704 1091 1746 et
1104 1699 1116 1746 ι’
1130 1713 1205 1762 snpra
1216 1693 1306 1758 scriptun

224 1761 288 1813 ibid.
302 1763 376 1823 8254
413 1773 530 1813 rueteren
548 1764 642 1833 ubique
658 1765 822 1835 quadrupes.
852 1764 922 1821 Wri
991 1765 1026 1817 27
1042 1767 1181 1836 gemuisse
1192 1765 1255 1814 Rom.
1265 1760 1306 1810 Pie·

223 1830 266 1882 rii.
334 1835 369 1887 28
399 1850 463 1882 erae
475 1833 594 1884 Pnrrbus.
609 1834 714 1885 Mentel.
728 1844 789 1884 tert.
809 1853 824 1885 u
843 1853 877 1886 ιιι.
891 1853 943 1885 sec.
963 1843 990 1884 et
1004 1851 1070 1884 unns
1086 1833 1190 1894 Heius,
1207 1830 1305 1900 qnosllu·

224 1901 289 1952 dunt
305 1901 408 1969 Mensg.
428 1919 479 1952 sec.
500 1911 527 1952 et
542 1904 622 1965 Veis,
646 1903 672 1954 in
694 1903 785 1972 quibus
801 1903 874 1974 sere.
909 1905 1041 1954 Hactenus
1063 1903 1132 1954 nibil
1148 1903 1259 1960 interest,
1276 1915 1305 1948 seu

224 1969 310 2020 silvae
318 1967 402 2052 serae
413 1987 459 2021 sen
474 1984 578 2023 montes
587 1970 648 2092 ¹[eri
661 1971 787 2024 dicentur.
823 1985 928 2024 montes
939 1971 1013 2043 feri,
1037 1973 1102 2025 loca
1116 1970 1183 2044 feru
1198 1971 1220 2022 b.
1237 1969 1304 2020 incus

224 2048 251 2092 et
262 2038 325 2089 nlibr
340 2049 486 2090 occurrunt.
511 2041 583 2091 Muri
597 2042 655 2092 and.
672 2042 705 2092 nd
714 2047 780 2094 stat.
794 2045 818 2093 11
832 2043 894 2094 silv.
908 2045 933 2104 6.
951 2043 982 2097 13
994 2042 1063 2093 coni.
1083 2055 1237 2122 montesque.
1243 2037 1303 2108 scrut·

223 2107 360 2177 siluasque
373 2109 524 2179 loquuntur
538 2110 593 2162 scil.
606 2111 739 2172 hominen
758 2111 892 2180 ingeniose
907 2111 1018 2180 quidem.
1053 2114 1155 2162 Verum
1172 2110 1218 2161 sud.
1229 2111 1303 2160 Noun

223 2177 289 2226 Tum
306 2195 397 2245 purum
418 2177 522 2244 placent
537 2178 621 2249 serae
635 2179 705 2230 inter
726 2195 830 2232 montes
849 2191 876 2230 et
895 2181 993 2232 siluas:
1019 2191 1047 2232 et
1063 2181 1108 2232 vel
1125 2180 1162 2232 sic
1177 2193 1302 2248 reponerem

222 2255 377 2316 montesque
384 2245 465 2317 seros
477 2249 615 2318 silvasque
629 2250 789 2318 loquuntur.

221 2441 325 2478 vocare
341 2421 498 2482 incursandi
515 2423 577 2482 vim
595 2421 759 2482 huberc-
799 2425 951 2504 graminea
981 2423 1101 2484 dictum
1133 2425 1231 2496 malis,
1255 2439 1307 2478 cun

219 2525 290 2564 unm
312 2506 473 2568 invocandi
495 2510 580 2568 notio
600 2510 687 2588 plane
703 2509 758 2568 sb-
797 2514 1036 2589 grumeuspsum
1056 2513 1136 2568 inter
1151 2505 1300 2568 tenua-u-

218 2589 325 2652 horret
337 2593 374 2652 sb
385 2593 415 2652 h.
427 2595 447 2653 l.
457 2595 614 2654 -rsiects
628 2596 664 2654 sb
673 2595 758 2674 Hey·
796 2599 988 2674 gazissinuun
1001 2599 1056 2654 sit:
1083 2597 1158 2654 Plin
1170 2591 1260 2664 XXIV,
1268 2591 1299 2652 11.

218 2678 269 2736 nio
305 2680 464 2758 explicatio
498 2681 656 2740 retinenda
690 2681 756 2740 erit.
800 2679 899 2762 (inter
920 2681 1055 2761 prodigis
1081 2701 1182 2740 necem
1204 2675 1299 2738 caesuri

219 2763 338 2823 Terent.
349 2764 475 2845 Adelph.
490 2767 526 2840 V,
537 2771 567 2840 7,
583 2771 647 2830 ts:
675 2765 755 2825 ΔΕΒ.
797 2767 960 2826 indicentis
977 2768 1075 2826 refert
1090 2769 1208 2828 Sueton.
1223 2785 1242 2822 c.
1256 2763 1297 2823 tt:

217 2849 353 2925 „Plnoet‚
380 2861 466 2930 pater
487 2851 671 2930 lepidissime.
693 2853 751 2912 DE.
794 2897 812 2928 „
822 2873 967 2931 equorum
979 2872 1096 2932 greges,
1120 2845 1297 2932 quosiutrtfi·

216 2935 311 3013 Euge!
332 2937 391 2994 inm
412 2937 574 3016 lepidus
594 2959 724 2998 vocor.
734 2939 752 2972 “
795 2937 900 2998 ciendo
914 2939 1070 2998 Rubicone
1092 2939 1208 2998 flumine
1223 2947 1296 2992 court·

216 3019 337 3079 Fortius
345 3030 445 3082 tomen
456 3042 516 3080 esse
532 3044 646 3098 uocare,
663 3045 753 3101 quem
795 3033 911 3099 crurat,
934 3045 969 3083 eo
982 3045 1076 3104 vegos
1090 3035 1122 3084 et
1136 3025 1195 3082 siue
1207 3013 1295 3078 custode

185 3149 191 3166 .
215 3103 327 3178 dicem,
350 3107 434 3166 sscile
452 3108 570 3186 largior.
593 3109 684 3182 Quod
697 3131 753 3168 su·
796 3109 962 3184 dimiserat,
990 3112 1138 3190 comperit
1159 3099 1294 3189 pertiutdr

214 3197 276 3248 tem
296 3199 404 3249 nstra
425 3203 539 3251 vocnt
570 3194 752 3270 crudelis,
796 3195 867 3254 sisne
887 3196 996 3274 pabulo
1014 3197 1164 3256 abstinere
1184 3188 1293 3252 uberliflt

214 3272 541 3338 hocexchsldaeorum
552 3279 753 3338 doctrinuex-
795 3301 852 3359 que
866 3281 974 3340 flere.“
998 3279 1070 3362 Sp.)

213 3359 402 3439 plicsndnm,
424 3362 461 3420 de
474 3365 606 3442 quevid.
619 3365 752 3445 interpp.
836 3369 888 3430 28.
917 3379 1087 3445 mnusque
1100 3365 1164 3445 sen'
1180 3363 1292 3450 tt'lffl‘l'f‘

214 3445 254 3504 sd
267 3447 372 3506 Horat.
387 3447 444 3508 Od.
460 3449 482 3523 l,
502 3453 551 3524 11,
565 3454 595 3514 2·
612 3448 696 3532 Wr.)
793 3451 961 3530 loqusuuur.
1007 3451 1162 3512 Montibus
1186 3458 1212 3508 et
1237 3441 1292 3500 silus

255 3531 307 3596 24.
334 3533 401 3592 Non
421 3531 555 3614 pistores
575 3555 647 3614 pree
664 3535 751 3596 luctu
791 3557 896 3596 vocem
911 3537 994 3612 dari,
1013 3538 1087 3596 sutis
1102 3531 1291 3597 ιιοῑιιιιιειίὶ11

211 3629 347 3678 umente
365 3619 404 3678 sd
422 3620 618 3700 pascendum,
640 3629 750 3700 etpost
792 3622 817 3680 si
844 3625 1022 3701 ingemuisse
1046 3637 1160 3682 montes
1179 3619 1290 3704 susuqu

209 3714 330 3782 pastum
344 3705 384 3765 sd
394 3705 517 3765 ssunrinn
528 3715 659 3784 egerunt.
673 3707 750 3766 cons.
794 3707 930 3784 dixisset,
953 3717 1007 3766 unt
1029 3711 1129 3788 queri,
1157 3714 1205 3766 sut
1223 3703 1287 3776 loqu

209 3789 312 3850 Burm.
332 3791 444 3851 Mosch.
465 3792 517 3866 Ill,
541 3795 593 3856 23.
617 3791 668 3854 24.
690 3792 751 3850 Ne-
792 3792 911 3867 eodem,
934 3813 1003 3853 cerm
1022 3795 1098 3868 isto,
1123 3811 1215 3860 sensu,
1232 3791 1258 3843 ¹1¹
1268 3797 1289 3836 ¹³

209 3893 279 3935 rues.
300 3877 336 3953 11,
356 3881 407 3941 29.
452 3877 592 3954 Adeoque
613 3897 646 3934 eu
666 3877 751 3936 fuere
792 3880 933 3958 exemplis
955 3899 973 3937 s
997 3879 1169 3938 Burmsuno
1188 3871 1239 3934 fieri
1252 3863 1288 3924 dt·

208 3959 336 4038 impustu
350 3983 405 4042 per
421 3981 471 4022 eos
487 3963 557 4022 dies.
601 3966 652 4026 26.
671 3983 750 4039 gm-
790 3963 981 4044 prehendas,
1010 3975 1041 4024 et
1068 3966 1103 4024 in
1121 3963 1211 4023 Bionis
1227 3947 1285 4028 llil

209 4048 298 4103 musis
312 4047 431 4106 herbam
451 4059 525 4128 puts
545 4046 596 4106 hic
616 4057 648 4105 et
659 4047 748 4107 Oviu
790 4050 817 4125 1,
841 4055 896 4126 82,
931 4049 1006 4110 nibil
1037 4049 1208 4110 offenduet:
1236 4037 1286 4096 50111

208 4125 278 4188 Met.
297 4133 343 4207 X,
364 4135 414 4198 87.
437 4135 501 4194 Liv.
525 4133 553 4210 l,
572 4133 615 4197 24
636 4132 748 4192 dictam
790 4135 869 4196 enim
893 4136 983 4195 rebus
1013 4135 1180 4196 inanimus
1206 4139 1284 4187 tffifflb

208 4231 284 4288 esse,
313 4226 350 4275 ut
371 4224 480 4297 cytisi,
511 4222 565 4280 loti
576 4263 590 4316 ,¹
612 4217 746 4315 herbum,
789 4221 1030 4300 adeoqueetvox
1045 4222 1151 4282 tribui:
1166 4205 1283 4304 utini&

206 4305 746 4383 Μ
786 4306 1147 4464 ιιι.
1157 4301 1283 4466 tut

206 4479 281 4530 noto
299 4481 456 4552 poetarum
475 4495 559 4536 ruore
576 4495 632 4555 pro
649 4473 742 4534 herbo
784 4480 919 4537 οαηιιιὶια
934 4501 1039 4558 nepes,
1062 4481 1138 4557 Ipsu
1149 4481 1280 4536 summ
