2654 5000
147 443 153 459 ·
236 418 284 490 84
356 425 359 435 ’
476 409 1115 488 P.VlRGlLIlMARONlS

234 601 310 672 Lac
323 595 421 671 mihi
435 620 518 671 non
531 609 675 670 aestate
689 615 850 692 nonme,
878 617 961 666 nou
977 589 1123 690 frigore
1138 592 1241 672 defit

236 703 378 795 Canto,
405 723 505 799 quae
521 699 674 796 solitus,
701 697 732 770 si
746 695 906 797 quando
921 710 1099 770 armenta
1111 698 1272 792 vocabat,

235 801 436 904 Amphion
449 802 635 883 Dircaeus
648 801 691 877 in,
703 806 848 878 Actaeo
863 799 1097 895 Aracyntho,

234 977 308 1029 nivei
324 975 415 1034 luctis3
434 983 461 1024 et
473 973 592 1024 sollenne
608 983 648 1024 est
660 973 712 1025 hoc
727 971 802 1025 lactis
818 973 956 1042 epitheton
974 973 1043 1042 apud
1057 969 1156 1024 Tstsull.
1174 971 1243 1023 Ovid.
1262 971 1316 1020 nlius¹

234 1055 288 1096 turn
297 1043 402 1096 Graecis
411 1042 481 1116 γάλα
495 1040 601 1104 λευκόν,
614 1053 644 1093 ut
657 1045 780 1104 Homero,
792 1043 944 1094 Theocrito.
958 1041 1014 1112 Sp.)
1055 1041 1091 1096 22
1107 1043 1159 1093 Hic
1172 1041 1234 1092 maii
1243 1043 1316 1106 lieesg

234 1115 279 1165 alt.
292 1133 341 1164 nec
348 1112 392 1184 sri
411 1131 458 1166 ore
470 1111 515 1162 alii
529 1131 571 1182 ap.
584 1115 668 1164 linrm.
686 1113 754 1193 defin
765 1112 845 1164 Goth.
862 1130 901 1180 pr.
924 1115 982 1162 Lao
1000 1111 1067 1162 milo
1084 1129 1138 1164 non
1160 1123 1269 1170 meme,
1284 1129 1316 1160 na-

234 1201 296 1235 vum
311 1133 483 1252 nonsiigore
502 1181 584 1248 defit:
601 1181 638 1231 ita
659 1181 794 1248 distinguit
815 1183 899 1232 Burm.
934 1180 1025 1231 Hieme
1046 1179 1114 1230 enim
1134 1179 1179 1230 lae
1199 1197 1283 1230 novem
1298 1187 1316 1242 ,a

233 1253 287 1304 Eel.
300 1253 333 1314 V,
347 1249 390 1318 67)
406 1259 561 1318 suppetere,
579 1250 606 1301 id
622 1251 724 1304 demum
739 1269 796 1302 esse
809 1251 957 1318 gloriosum.
976 1248 1054 1317 Atqui
1065 1247 1173 1300 ineunte
1188 1247 1264 1298 hieme
1274 1265 1316 1314 par-

233 1331 288 1372 tum
302 1319 383 1370 edum
395 1337 464 1371 ores.
493 1321 597 1380 Verum,
610 1319 710 1370 etiamsi
724 1329 787 1386 post
798 1339 896 1372 novum
912 1317 1064 1386 distinguas,
1079 1318 1246 1385 repetendum
1255 1317 1317 1382 utiquc

233 1389 304 1440 idem
317 1407 373 1440 voc.
385 1388 412 1440 iu
427 1387 510 1438 altero
524 1389 640 1443 membro
652 1389 685 1440 de
698 1388 792 1440 hieme.
827 1390 866 1440 De
877 1390 998 1440 colustra
1010 1404 1073 1438 vero
1089 1405 1143 1438 non
1156 1387 1236 1454 aeaipi
1248 1396 1317 1452 potest

235 1475 259 1510 r.
273 1458 375 1509 Martia.
409 1459 508 1508 Locum
527 1468 588 1508 ante
602 1457 690 1508 oculos
710 1458 802 1512 habuit
822 1468 849 1508 et
864 1451 993 1525 expressit
1015 1457 1090 1508 Osid.
1124 1455 1317 1516 Menxllidli·

233 1529 310 1647 pust
314 1526 383 1578 ieri
401 1526 510 1586 dicitur,
528 1526 598 1594 quod
617 1537 717 1591 cessat,
734 1527 789 1580 sive
803 1528 898 1578 sensim
917 1525 1012 1594 incipit
1032 1525 1142 1590 deesse,
1165 1524 1193 1576 in
1211 1541 1240 1576 eo
1259 1535 1289 1573 est
1300 1533 1317 1572 st

253 1595 319 1656 erit,
337 1596 453 1656 deest,
471 1593 606 1662 quodiam
620 1595 710 1647 defieri
725 1606 848 1664 coeperat
861 1605 929 1647 aute.
965 1595 1098 1647 Sententia
1116 1603 1217 1646 autem
1240 1592 1273 1644 lac
1284 1609 1317 1642 no·

232 1682 291 1716 sum
306 1681 354 1732 per
367 1673 451 1744 totum
463 1679 556 1714 aunum
567 1663 653 1782 hpbeo
661 1684 678 1745 ς.
686 1665 747 1717 irinc
759 1681 821 1717 sane
830 1675 898 1792 post
907 1683 1011 1750 ¹scottiam
1024 1663 1261 1750 interpungeudnm.
1277 1667 1317 1712 A*

233 1730 1317 1880 militantiltsdtlttiintltllilnidtt‘tl‘titz

232 1880 289 1932 cet,
307 1887 323 1920 o
344 1879 488 1936 positorum
509 1886 588 1936 saepe
601 1870 681 1922 talem
694 1890 751 1923 ease
765 1873 835 1937 νίω,
852 1881 883 1927 ut.
902 1873 1054 1924 alterutram
1070 1889 1123 1924 nau
1144 1872 1224 1934 adsit,
1247 1871 1314 1920 uisist

232 1939 309 1988 alteri
320 1887 473 1988 iilmtraudo
487 1936 619 1989 inserviat.
641 1943 713 2008 Wr.)
745 1943 781 1998 23
798 1945 823 1994 ai
837 1955 939 2012 quanto
953 1959 1020 1993 arnt.
1036 1939 1183 1994 meabat.
1194 1959 1236 1992 ms.
1253 1937 1314 1988 unu

231 2009 315 2058 llum·
330 2008 396 2058 coni.
413 2004 558 2061 vacabant·
626 2007 662 2064 24
679 2011 806 2062 scribitur
814 2013 1004 2072 Aractinctus,
1019 2011 1193 2064 Araetinrus
1205 2021 1260 2068 etc.;
1274 2009 1314 2058 ino

232 2077 359 2136 Arctleo,
376 2075 451 2164 lapsu
469 2075 549 2126 vario.
584 2079 648 2128 ltern
660 2081 787 2132 Dirceus.
823 2085 856 2132 At
871 2091 912 2130 est
925 2085 1065 2144 Διρκαῖος.
1096 2080 1201 2130 Pindar.
1214 2079 1238 2129 P.
1249 2081 1270 2138 9,
1282 2075 1314 2130 ttt

232 2147 375 2210 Aroanios
395 2141 516 2198 selsam
558 2145 643 2196 Totus
663 2165 752 2200 versus
779 2167 810 2200 ex
831 2152 931 2200 Graeco
952 2151 1035 2200 iactus
1058 2159 1116 2200 est:
1137 2145 1251 2218 Ἀρφίιι
1266 2153 1313 2208 Atr-

231 2219 311 2278 unior
323 2211 353 2268 ta
363 2209 482 2284 'Arrolos
493 2211 665 2284 Ἆραιιιὶνθφ,
683 2227 712 2267 ut
724 2218 790 2269 adeo
803 2219 967 2270 menifestum
979 2219 1013 2269 sit
1031 2229 1140 2286 poetam
1152 2219 1263 2272 Graecum
1276 2231 1313 2264 esu

232 2301 389 2352 expressam.
414 2283 502 2352 (Quod
515 2283 552 2334 ita
565 2285 729 2338 manifestum
745 2305 811 2354 esse,
830 2297 910 2356 negat
926 2287 1044 2340 Vossius.
1067 2287 1143 2354 Wr.)

230 2423 262 2482 in
274 2423 403 2503 Prolegg.
415 2422 475 2482 hoc
493 2444 611 2488 manen
630 2427 662 2486 in
676 2426 769 2486 Alex-
809 2428 934 2488 tereaibi
945 2447 1000 2508 per
1011 2437 1114 2488 totum
1123 2448 1229 2488 annum
1239 2441 1312 2484 rarus

231 2509 368 2586 andrum,
390 2529 510 2570 servum
523 2511 670 2587 Pollionis,
692 2513 767 2572 scn'-
809 2515 865 2589 ait,
894 2534 969 2594 quae
988 2515 1099 2573 bonam
1125 2515 1208 2574 lactis
1231 2511 1311 2588 copiast

229 2603 316 2674 ptum
337 2614 397 2653 esse
416 2604 612 2670 statuentem,
643 2607 673 2655 et
697 2599 766 2673 illic,
807 2601 978 2680 praebeant,
991 2609 1028 2658 ut
1040 2599 1311 2678 quotidielacreoeus

230 2689 261 2738 et
274 2678 304 2740 h.
325 2679 344 2738 l.
360 2679 534 2756 diffindtas,
557 2701 645 2760 quam
665 2683 766 2742 obiicit
807 2685 915 2765 apponi
936 2685 1039 2765 possit.
1089 2684 1257 2744 Theocritus
1275 2697 1311 2756 pm

229 2764 447 2824 Siculorum
467 2765 616 2827 montium
636 2787 767 2827 comme-
808 2771 886 2829 lecte
903 2791 1023 2828 caseum
1036 2781 1182 2849 posuerat
1196 2763 1310 2846 tdyttt'l.

228 2849 628 2931 moratio,·fugerepotuerit.
650 2853 767 2912 Atvir-
809 2857 860 2930 86,
880 2856 970 2923 etiam
990 2854 1049 2917 hoc
1068 2873 1110 2920 ex
1133 2874 1213 2915 more
1234 2853 1310 2911 haran

164 2997 170 3023 1
228 2933 313 3012 gilius
325 2955 387 2994 non
401 2936 460 2995 snit
474 2937 598 2996 Siculus.
636 2938 695 2997 Sed
708 2938 765 2998 he·
807 2942 975 3020 regionum:
988 2928 1166 3001 videmddo
1180 2933 1310 3016 Georgfflt

227 3019 317 3078 bebat
340 3019 504 3100 Spohnius‚
538 3022 621 3100 quod
639 3043 765 3102 respon·
807 3025 963 3090 400,401Ι

227 3121 315 3161 ssu-ns
328 3105 446 3179 suisset3
460 3127 529 3164 nam
535 3127 573 3166 ne
585 3118 688 3187 pastor
695 3111 763 3188 qui-
847 3115 898 3176 23.
918 3111 980 3170 Nec
997 3109 1174 3190 imperitum
1191 3128 1219 3169 se
1235 3113 1309 3166 matu

227 3185 295 3244 dem
307 3187 364 3244 suit
375 3189 521 3266 Virgilius.
549 3193 588 3250 Et
600 3213 693 3272 quum
707 3195 764 3254 alia
805 3214 866 3254 esse
885 3196 1072 3277 pronuntiat.
1097 3209 1228 3256 armato
1244 3209 1308 3252 aare·

226 3269 316 3330 fiuxit
340 3271 373 3330 in
398 3271 458 3330 hoe
476 3277 606 3336 carmine
632 3279 762 3356 liberius,
804 3280 864 3356 bat,
887 3281 1057 3355 revocabat,
1080 3281 1270 3362 compellabat
1286 3281 1309 3330 ὓ(

204 3355 496 3420 ‚tumilludminime
508 3359 551 3418 ita
558 3375 763 3442 comparatum
802 3366 937 3445 inprimis
956 3367 993 3426 fit
1011 3369 1145 3446 vesperi,
1167 3377 1202 3426 ut
1218 3363 1308 3422 demun

224 3451 280 3517 est,
297 3450 333 3501 nt
346 3441 469 3522 Spohnii
482 3448 660 3507 sententiam
673 3471 761 3510 ever·
802 3461 905 3530 pastor
916 3472 1032 3531 gregem
1044 3451 1182 3512 reducet.
1194 3449 1248 3510 vid.
1259 3463 1307 3503 sua·

223 3535 279 3586 tat.
318 3527 405 3606 Quid
430 3528 509 3588 anim
529 3531 697 3612 Virgilium,
724 3546 761 3596 ut
801 3557 870 3596 rem
892 3537 993 3598 locum
1018 3535 1159 3618 Apellen.
1173 3537 1196 3612 l,
1214 3533 1264 3601 575
1279 3549 1306 3604 ⁵l·

222 3621 360 3694 poetam,
380 3613 573 3694 impediebat,
602 3621 760 3697 quominus
800 3631 832 3680 et
845 3621 931 3682 Certi.
966 3621 1306 3694 ercammarum·

222 3697 336 3774 loctun,
358 3699 411 3760 ubi
423 3699 497 3760 haec
515 3714 688 3782 egerentur,
710 3707 758 3766 si·
800 3707 860 3767 tho.
883 3707 979 3766 Huius
994 3708 1125 3768 nominis
1137 3707 1237 3768 nobilis
1246 3715 1306 3760 1³⁰¹ss

222 3783 318 3843 ciliani
328 3804 392 3844 ease
404 3785 510 3862 vallet,
524 3798 677 3867 pastorum
690 3811 758 3850 esr-
799 3801 846 3852 est
856 3792 1038 3852 Acarnaniae
1058 3794 1122 3854 sive
1143 3790 1272 3860 Aetolian
1286 3803 1304 3840 t·

220 3869 348 3934 minibus
355 3871 554 3932 celebratam?
572 3875 663 3951 Quid,
676 3877 758 3954 quod
799 3879 847 3938 vel
867 3878 964 3938 Strab.
983 3880 1022 3954 X,
1041 3899 1108 3958 pag·
1125 3883 1187 3945 692
1204 3873 1241 3950 Δὶ
1257 3887 1304 3930 ¹¹²¹¹¹

220 3951 283 4030 ipsa
297 3956 410 4016 Graeca
422 3958 556 4032 nomina,
572 3960 713 4038 Corydon
726 3973 757 4022 et
797 3962 872 4022 fines
883 3963 992 4022 harum
1002 3965 1160 4043 regionum
1177 3961 1256 4022 modo
1266 3975 1303 4013 tir

219 4034 333 4112 Alexis,
355 4061 416 4100 non
428 4043 600 4120 patiuntur,
615 4046 697 4104 aliud
710 4045 756 4106 hia
796 4050 910 4127 gnatius
929 4047 1021 4108 mode
1047 4049 1140 4110 latius
1157 4049 1303 4128 patuerunt

218 4119 307 4178 rebus
326 4143 387 4184 esse
405 4125 573 4204 theanum,
601 4131 658 4190 nisi
675 4133 755 4210 regi·
796 4153 858 4194 non
871 4135 957 4212 lenge
969 4133 1007 4192 ab
1020 4135 1097 4194 urbe
1110 4135 1253 4196 Pleurone.
1269 4121 1301 4184 Ad

219 4221 326 4280 onem,
352 4209 386 4268 in
415 4229 474 4289 qna
502 4214 632 4273 Graecus
656 4233 753 4276 sermo
794 4217 1301 4280 hmcruerendahnoessseonrr

215 4294 470 4367 regnaret'l-De
484 4295 546 4356 his:
563 4301 655 4358 Male
667 4321 752 4360 nacae
794 4303 840 4363 dit
852 4305 1015 4364 Palmerius
1028 4306 1133 4366 Graec.
1149 4315 1207 4365 ant.
1213 4301 1253 4372 Ν,
1268 4298 1299 4358 ist

215 4393 330 4450 agisse,
344 4380 467 4456 esqiosui
479 4381 518 4440 ad
530 4383 607 4462 Eleg.
621 4385 660 4444 ad
672 4385 751 4444 Mes-
792 4387 938 4468 docetque
950 4407 1018 4448 enm
1026 4401 1160 4452 uectum
1169 4377 1300 4466 isesivfflti

213 4457 265 4518 nl·
286 4479 351 4540 pag·
367 4465 416 4526 53.
442 4464 526 4544 We)
567 4473 619 4534 22.
633 4473 750 4552 Suppa-
791 4474 872 4553 apud
884 4473 1058 4552 Homerum,
1080 4473 1265 4555 quialthacac
1278 4471 1298 4519 ‘¹
