2784 4988
310 317 908 398 PHILIPPIWAGNERL
1081 345 1166 398 xvu

95 517 152 601 361
161 502 324 618 foerenr,
366 477 455 603 368
470 516 666 620 primum.
704 516 793 600 370
817 533 1039 594 saxosum.
1076 521 1164 606 373
1277 496 1280 508 Ι

94 621 208 734 r'rrshit.
241 637 327 722 377
348 631 564 716 matitia.
603 629 691 719 385
718 629 920 712 subiecta.
957 637 1045 722 393
1072 644 1166 732 tro-

91 749 218 830 imur.
259 755 348 838 406
377 748 566 832 illudent.
611 753 700 837 409
720 739 939 851 floomroe
966 757 1164 836 sonitum.

90 869 149 954 415
159 857 331 980 diffirdit.
359 873 448 957 430
464 871 579 950 vesti
592 873 766 949 circum.
792 872 879 954 446
896 865 1054 952 domoc.
1077 876 1164 961 447
1281 871 1285 878 ’

88 990 254 1098 cuiquam.
293 993 386 1076 449
413 987 558 1096 lapsis.
601 989 690 1075 455
713 988 760 1066 ni
769 979 898 1093 fata.
934 991 1022 1075 462
1046 991 1166 1074 Pan-

86 1131 176 1210 gom.
210 1109 293 1195 463
319 1117 451 1216 atque
468 1103 637 1186 Acrior.
676 1105 764 1191 467
787 1103 1040 1188 Taenariae.
1078 1114 1166 1200 482

86 1221 296 1337 roendeosq.
345 1229 434 1313 493
463 1222 639 1306 Averni.
688 1226 777 1313 500
792 1216 929 1330 sugit
952 1220 1036 1306 div.
1079 1229 1166 1316 504

86 1349 186 1446 rapto.
213 1345 297 1431 505
318 1369 407 1456 qua
421 1343 474 1425 Ν.
514 1343 601 1431 516
620 1342 771 1452 ηιιίἰίᾳ.
809 1341 898 1430 534
915 1351 964 1422 tu
979 1369 1166 1428 munera.
1267 1333 1271 1350 ⁸

85 1459 146 1548 548
149 1451 342 1566 facessit.
377 1462 465 1550 558
480 1456 707 1542 demittere.
735 1460 823 1548 566
836 1460 1014 1568 patulae
1027 1468 1167 1548 cecini.

85 1571 118 1656 lo
133 1579 293 1682 ceteris,
334 1577 376 1660 si
393 1578 617 1688 quaedam
637 1574 827 1691 excipis,
869 1601 985 1690 quae
1012 1597 1167 1664 notare

84 1691 269 1800 taedebat,
294 1695 554 1809 conspirare
572 1691 826 1777 Palatinum
845 1721 948 1779 cum
963 1692 1166 1783 Medioeo

85 1810 322 1921 potabimus,
371 1810 570 1896 simodo
599 1812 637 1894 is
665 1829 730 1896 est
755 1811 1052 1927 Ambrogius,
1096 1816 1170 1900 cui

85 1925 183 2010 idem
201 1932 373 2042 ubique
395 1930 563 2013 habere
587 1929 732 2014 liceat.
793 1925 921 2014 Certe
946 1931 1076 2016 tacite
1099 1933 1169 2016 in-

85 2043 249 2246 444
268 2047 570 2247 444

84 2191 461 2366 chitthehrhnnilhshi
486 2193 709 2393 qhhhlam
733 2195 1031 2398 negligehtiahJ
1040 2195 1169 2369 rhesii,

83 2393 148 2504 gia,
177 2415 223 2483 ut
249 2397 331 2486 Ge.
360 2399 415 2504 H,
442 2407 542 2490 302.
573 2399 655 2503 IV,
684 2408 727 2489 4.
789 2397 1000 2486 Ceterum
1024 2404 1168 2487 sciens

83 2520 247 2625 praeterii
262 2517 491 2631 quasdam
504 2518 712 2603 lectiones
728 2518 789 2638 acl
802 2518 1170 2636 orthographiam

83 2651 302 2744 spectantes.

164 2819 404 2910 Historiam
421 2841 571 2908 textus
587 2819 825 2934 Virgiliani
845 2821 1045 2906 criticam
1063 2821 1170 2908 scri·
1266 2887 1270 2898 .

81 2929 154 3020 bem
174 2966 406 3056 aggressus
432 2969 538 3026 mox
560 2939 781 3044 intellexi,
812 2936 975 3023 infiniti
998 2940 1084 3026 hoc
1105 2941 1172 3026 la-

83 3047 170 3138 boris
184 3085 293 3166 esse,
326 3088 413 3144 nec
434 3087 562 3172 posse
583 3057 664 3142 rite
684 3083 712 3139 a
734 3084 964 3170 quoquam
985 3059 1170 3166 absolvi,

82 3167 142 3250 nisi
158 3176 230 3284 qui
246 3179 421 3262 habitet
444 3167 491 3258 i‘n
509 3173 788 3260 Bibliotheca
806 3177 876 3258 vel
888 3171 1029 3292 Regia
1044 3175 1172 3260 Pari-

83 3283 201 3396 riensi,
229 3296 301 3380 vel
317 3295 640 3411 Spenoeriana.
699 3289 895 3396 Tamen,
926 3293 1171 3405 siquando

82 3401 187 3492 otium
216 3411 273 3496 ad
310 3439 419 3497 eam
447 3439 542 3496 rem
570 3426 728 3495 nactus
758 3411 906 3512 luero,
950 3410 1171 3526 experiar,

82 3543 263 3714 lqiuaotum
284 3532 426 3616 etiam
450 3527 521 3614 his
551 3527 692 3646 copiis
717 3525 924 3612 destituto
951 3525 1171 3644 proficere

105 3659 192 3726 cotti.

160 3805 245 3898 lam
262 3813 313 3898 in
329 3813 541 3899 facienda
557 3813 708 3916 critica
723 3811 771 3895 id
785 3810 984 3896 maxime
1002 3811 1174 3897 allabo-

83 3921 168 4050 ravi,
193 3931 393 4043 primum
410 3947 481 4038 ut,
511 3933 593 4016 uhi
609 3929 1044 4052 necessevideretrrr‚
1078 3957 1174 4014 cer-

84 4047 147 4120 uus
176 4066 393 4135 constaret
425 4047 481 4134 rle
513 4051 720 4135 codicum
750 4045 959 4152 lectione,
998 4064 1096 4130 tum
1125 4063 1175 4130 ut

87 4175 208 4280 pausas
225 4165 510 4252 diversarum
527 4165 771 4252 lectionum
787 4161 1112 4278 investigarem,
1133 4179 1175 4246 et

90 4265 134 4375 td,
151 4282 260 4388 quod
275 4287 349 4370 vel
364 4301 597 4400 receptum
612 4285 705 4368 iam
725 4295 856 4382 esset,
877 4281 915 4362 si
932 4305 1072 4390 quam
1088 4279 1174 4364 du-

124 4403 255 4494 lmen.
286 4417 456 4494 Tomi.
937 4407 966 4481 b
