2730 5016
182 289 259 399 sss
436 321 478 398 r.
505 320 770 398 vlncrnn
800 322 1081 400 nunonis

184 508 356 607 Carpere
369 529 463 582 mox
475 529 616 605 gyrum
629 507 805 607 incipiat,
832 509 1104 611 gradibusque
1119 533 1258 586 sonare
1359 447 1360 496 Ν

183 610 426 710 conpositis,
453 611 663 711 sinuetque
682 611 829 686 alterna
844 611 1048 690 volumina
1063 637 1250 705 crurum3
1359 671 1360 698 .

184 715 322 815 Sitque
335 711 529 788 laboranti
542 713 696 806 similis3
724 727 810 790 turn
827 717 1004 793 cursibus
1026 742 1155 808 auras,
1359 725 1360 736 ’

183 821 289 892 Tum
301 829 428 912 vocet,
457 841 500 892 ac
512 843 586 918 per
600 831 732 919 aperta
747 818 895 916 volans,
922 845 996 897 ceu
1011 819 1120 896 liber
1132 819 1302 909 habenis,

179 924 385 1020 Aequora,
412 919 473 994 vix
486 945 644 996 summa
656 922 815 1019 vestigia
826 938 952 1022 ponat
964 949 1103 1002 arenas
1240 927 1303 1002 195

182 1022 315 1118 Qualis
327 1023 594 1124 Hyperboreis
609 1025 754 1125 Aquilo
772 1051 897 1128 quum
915 1027 1063 1104 densus
1078 1027 1131 1102 ab
1150 1027 1233 1102 oris

180 1126 383 1224 Incubuit,
412 1126 672 1230 Scythiaeque
687 1127 842 1205 hiemes
870 1144 989 1232 atque
1011 1130 1126 1206 arida
1150 1126 1286 1206 differt

236 1271 318 1343 196.
344 1266 512 1362 Aquino,
573 1339 576 1346 ,
621 1273 702 1346 197.
730 1289 866 1344 urruns

216 1489 531 1544 metamaucum
550 1509 584 1542 m.
606 1509 647 1562 pr.
670 1491 795 1544 hottend.
816 1499 878 1542 tert.
949 1493 1000 1546 193
1017 1510 1079 1543 cum
1104 1489 1241 1544 cursibus
1254 1491 1308 1556 neg.

181 1566 208 1610 et
222 1557 342 1610 Pan-has.
363 1558 390 1610 in
411 1575 508 1629 merg.,
530 1561 621 1629 fragm.
643 1561 730 1613 Vstic.
750 1580 767 1614 a
785 1579 818 1612 m.
837 1579 889 1612 sec.
909 1561 991 1612 Goth.
1014 1579 1068 1612 sec.
1107 1559 1244 1612 cruribus
1256 1561 1309 1610 edit.
1360 1575 1361 1606 t

179 1627 298 1680 Norimb.
370 1627 421 1684 194
442 1633 509 1682 Tum
531 1641 607 1682 vocet
625 1630 717 1682 Reios.
738 1629 856 1700 reposuit
874 1647 907 1682 ex
918 1629 1013 1682 Medic.
1028 1639 1057 1680 et
1073 1631 1185 1699 optimo
1202 1647 1309 1700 qnoqrs;
1360 1611 1361 1668 i

180 1697 258 1748 etiam
270 1699 401 1750 Romanus
418 1698 456 1750 sic
477 1699 566 1751 habet.
598 1701 748 1764 Provocee,
772 1699 843 1769 quod
864 1698 989 1768 vulgare,
1009 1699 1102 1750 editur
1118 1701 1214 1768 vulgo.
1252 1701 1309 1749 Τιιι
1360 1727 1361 1764 y

179 1778 269 1819 movet
281 1766 323 1818 vel
343 1780 421 1820 vestet
433 1769 532 1824 Zrdich.
569 1771 632 1834 Cum
651 1782 731 1822 vocet
745 1769 813 1820 alter
827 1769 928 1836 Mensg.
964 1769 1092 1822 Advoces
1108 1787 1181 1820 unns
1196 1767 1309 1821 Arnudd.
1360 1815 1361 1822 ,

176 1837 688 1908 1101111101110110111,011111οφ101.
760 1839 809 1894 195
825 1840 906 1910 ponit
921 1837 989 1890 alter
1002 1837 1101 1889 Moret.
1141 1851 1244 1890 verrat
1257 1839 1310 1887 tto-

178 1913 229 1956 ret.
244 1913 366 1972 quartus,
411 1907 436 1958 ui
458 1926 526 1960 nm.
548 1927 588 1978 pr.
608 1921 719 1960 resonat
740 1911 878 1980 vestigiat.
914 1910 1008 1980 signat
1023 1907 1095 1976 apud
1111 1911 1192 1959 Serv.
1207 1909 1309 1959 ndbm.

178 1975 212 2038 V,
229 1975 289 2028 317.
361 1924 412 2029 191
429 1979 585 2028 condensus
600 1979 701 2045 Mensg.
715 1975 791 2030 alter.
808 1983 846 2045 (et
861 1975 933 2046 Lips.
947 1977 1021 2028 niter.
1045 1977 1124 2042 Wr.)
1163 1979 1309 2050 horisdno.

179 2043 229 2096 197
246 2041 381 2095 Incumbit
393 2045 471 2096 Goth.
490 2063 543 2098 sec.
579 2048 696 2099 horrida
714 2047 784 2098 Toll.
821 2047 918 2098 orrida
936 2047 1029 2098 Franc.
1050 2047 1123 2098 conf.
1143 2046 1196 2098 int.
1219 2047 1309 2100 nib&

177 2109 271 2181 desert
285 2110 354 2162 alter
366 2115 491 2166 liotteud.
507 2115 619 2168 Gudian.
631 2135 647 2168 a
661 2135 695 2168 m.
707 2135 749 2198 pr.
766 2115 807 2168 ed.
819 2117 886 2168 Ven.
912 2117 1017 2184 (biensis
1029 2117 1165 2184 Heynins,
1180 2117 1252 2170 hand
1266 2115 1310 2166 dn-

151 2196 153 2202 ·
177 2179 221 2232 bie
235 2197 266 2230 ex
277 2183 363 2234 burm.
377 2182 448 2246 edit,
464 2186 604 2254 expressity
623 2187 694 2254 quod
705 2203 731 2237 tu
745 2187 847 2238 hiemes
860 2185 940 2237 tacite
952 2195 1086 2236 mutarunt
1098 2187 1185 2236 Voss.
1202 2197 1231 2238 et
1244 2187 1310 2235 lnbr.

177 2249 269 2313 Certe,
287 2249 310 2302 si
324 2253 495 2304 accusativum
509 2254 584 2306 huius
599 2273 656 2307 roc.
668 2255 696 2306 in
709 2257 752 2307 -r's
769 2255 875 2306 missum
889 2264 1003 2318 statues,
1029 2255 1127 2307 eodem
1141 2257 1228 2307 modo
1246 2255 1309 2306 seri·

176 2317 289 2370 bendum
307 2319 359 2372 erit
375 2323 422 2374 Ge.
438 2325 457 2386 1,
478 2327 536 2378 100.
550 2335 577 2376 et
590 2327 623 2388 11,
640 2325 701 2379 373.
736 2325 842 2376 invenio
856 2333 943 2375 tamen
959 2325 1055 2375 Mentis
1068 2323 1097 2374 in
1114 2325 1215 2392 fragm.
1229 2323 1310 2374 Vstir.

178 2399 311 2442 exaratum
335 2392 504 2458 ebotterio,
533 2391 698 2464 imprudente
724 2395 849 2456 fortasse.
892 2395 922 2444 in
943 2393 1064 2444 Mediceo
1085 2395 1177 2461 Fogg.
1207 2393 1310 2445 exbibet

177 2457 290 2522 diensem
311 2457 349 2512 sio
372 2461 464 2527 etism,
499 2479 564 2532 qnos
585 2463 657 2516 solos
675 2474 812 2534 praeterea
831 2461 961 2532 inspicere
979 2463 1071 2528 licuit,
1103 2473 1223 2532 uterque
1241 2463 1309 2532 Lipe

177 2527 300 2590 Heinsius
312 2527 391 2597 silet,
406 2541 436 2584 nt
448 2549 537 2602 saepe·
559 2533 629 2602 Wr.)

178 2721 239 2762 non
252 2705 422 2785 expavescit
435 2705 474 2766 ad
488 2707 619 2787 plausus.
637 2711 718 2768 invi-
760 2731 843 2784 urna,
879 2717 916 2768 ut
933 2707 1031 2783 nam,
1061 2729 1225 2788 campum,
1247 2729 1303 2786 mys
1361 2683 1362 2736 3

177 2809 257 2864 cem,
290 2791 436 2868 vicissim,
464 2793 546 2870 quod
569 2815 664 2874 quum
684 2795 719 2854 in
762 2793 923 2858 142.11.in
939 2813 1049 2873 gyrum
1065 2795 1299 2853 seuorbemirr.

176 2873 241 2932 istis
271 2875 399 2936 ferocem
433 2879 566 2956 animum
594 2881 716 2959 prodit,
758 2901 864 2938 sonare
880 2879 1029 2959 gaudebas
1050 2885 1234 2958 conpositis,
1260 2881 1303 2937 iu-

177 2959 340 3038 eepistrum
357 2972 459 3022 tamen
474 2963 608 3025 admittit
624 2986 717 3045 opera
759 2965 884 3042 cedere,
906 2965 1016 3044 ungule
1031 2974 1179 3040 sonante,
1201 2965 1305 3045 grmn'·
1361 3025 1362 3032 ,

176 3051 239 3103 tus.
258 3041 309 3126 (in
328 3047 453 3107 vicem
469 3047 713 3132 haecexperien-
758 3051 815 3110 bus
843 3051 1019 3110 numerosis.
1057 3054 1158 3110 states
1191 3053 1306 3110 anam

177 3127 232 3205 de,
260 3129 427 3193 ternodo
448 3136 601 3216 strepitui,
623 3137 715 3198 modo
759 3138 914 3196 volumina
931 3157 1064 3210 cuman,
1087 3135 1119 3195 h.
1135 3137 1199 3196 alte
1213 3137 1307 3208 tollat,

176 3214 312 3294 capistris
336 3218 583 3282 adsuefaciendus
613 3243 716 3303 equus,
759 3221 866 3297 iactet,
898 3242 987 3282 crura
1008 3219 1148 3298 elternis;
1171 3231 1206 3282 at
1219 3241 1306 3302 quant

174 3299 326 3362 irtvalidus
338 3303 453 3382 adhuc,
477 3318 638 3386 antequem
651 3311 717 3368 sor-
760 3311 882 3368 ornate!
933 3307 1098 3372 193.194.
1129 3321 1216 3384 tum,
1246 3323 1304 3366 ms·

175 3386 235 3446 tior
270 3389 367 3448 iactus
406 3394 580 3472 refragetur.
619 3393 716 3477 Wr.)
760 3393 894 3454 cursibus
908 3414 1001 3452 aum
1015 3405 1122 3466 vocem
1146 3391 1179 3452 h.
1193 3415 1304 3473 proso·

178 3475 248 3538 189.
276 3475 379 3554 Equus
405 3479 512 3555 seror,
540 3478 715 3557 indomitus,
760 3488 824 3556 eet,
859 3488 895 3539 ut
914 3488 996 3538 recte
1018 3478 1216 3559 interpretati
1239 3487 1306 3538 sunt

174 3567 274 3638 potest
288 3562 385 3624 videri
400 3568 536 3624 cometus
549 3585 610 3624 esse
628 3579 716 3625 aeta·
758 3564 818 3626 viri
838 3564 922 3624 docti
942 3583 981 3623 ex
996 3565 1124 3624 sollenni
1147 3574 1307 3646 postem

175 3646 231 3719 tis,
256 3645 411 3726 iuventae,
441 3651 565 3730 vigoris,
587 3651 715 3729 virium3
758 3671 832 3727 usu,
855 3651 946 3712 etism
961 3651 1157 3711 Graecorum.
1202 3651 1305 3710 Paullo

174 3727 275 3808 itaque
287 3735 398 3794 boecius
408 3742 485 3812 aevi,
508 3737 627 3812 virium,
641 3759 716 3816 quas
759 3735 878 3798 diversa
900 3737 1018 3797 ratione
1040 3750 1144 3796 vernos
1164 3737 1243 3795 sets
1257 3757 1305 3794 su·

174 3815 311 3877 nondum
326 3819 484 3882 nechabet
498 3843 552 3882 nec
571 3833 716 3903 expertus
757 3845 825 3882 aare
848 3823 972 3898 dicitur,
1001 3822 1053 3901 qui
1078 3822 1222 3882 extendit
1242 3821 1306 3882 veta

174 3909 228 3960 est.
249 3903 348 3966 Veler.
368 3907 412 3967 Fl.
427 3909 449 3984 1,
466 3913 525 3973 771
549 3912 620 3968 aevi
631 3909 715 3968 mdis
758 3907 798 3966 ed
811 3907 1018 3990 recipiendum
1032 3917 1179 3984 ventum,
1200 3917 1235 3966 et
1246 3907 1305 3966 att·

159 3987 270 4047 ,attera
286 3992 401 4068 proles,
436 3993 467 4054 h.
490 4013 579 4070 aevo,
617 4003 715 4054 aetate
756 4005 857 4054 ventos
884 4005 997 4068 vorm,
1028 3993 1186 4068 advocat,
1224 3995 1299 4060 nris,

172 4071 252 4132 rudi.
285 4077 386 4135 ‘Recte
412 4080 550 4140 Servius:
577 4079 713 4142 nondum
757 4098 905 4158 quassas
925 4079 1073 4159 expendit
1095 4079 1135 4138 nd
1157 4079 1304 4138 volstnm.

171 4155 285 4217 hebens
297 4161 335 4220 eb
348 4165 434 4224 annis
447 4165 597 4226 fiduciam.
758 4165 800 4244 ln,
806 4164 949 4245 exemplis
964 4164 1047 4246 apud
1060 4163 1165 4224 Heius.
1176 4175 1211 4224 et
1225 4163 1304 4224 Bru*-

217 4247 288 4307 190.
319 4247 388 4309 Vid.
406 4251 502 4312 Varro
521 4252 558 4312 11.
577 4251 614 4310 11.
633 4250 669 4326 Π,
684 4255 714 4328 7,
757 4271 858 4312 mann.
877 4260 1007 4329 utreque
1029 4251 1116 4310 notio
1142 4249 1302 4310 0011101111-

174 4330 223 4390 13.
241 4329 355 4391 Colum.
376 4334 432 4410 vt,
446 4341 498 4414 29,
514 4335 545 4400 4.
569 4333 613 4418 (et
633 4336 669 4397 V.
682 4338 713 4398 L.
756 4345 831 4414 tur,
866 4335 907 4396 nd
937 4336 1139 4416 posteriorum
1165 4343 1300 4416 spectent

176 4409 259 4492 Μ.)
306 4419 471 4484 191.192.
503 4421 632 4500 Carpere
649 4442 714 4502 gy-
757 4420 829 4484 Aen.
856 4421 912 4497 111,
941 4421 1013 4488 253.
1049 4421 1107 4496 IV,
1132 4421 1295 4486 111111
